2670 3988
504 174 551 226 1x.
572 171 857 242 [ΔΗιιοΣοειιΗΣ]
1141 171 1182 236 31

181 334 238 416 ρός
265 354 300 396 τε
324 334 502 415 στρατηγὸς
524 327 581 416 ἧκε
609 334 793 417 Τιμόμαχος
815 330 869 397 καί
892 327 988 409 οὗτος
1012 334 1186 418 διαδόχους

182 437 243 502 οὐκ
270 438 361 520 άγων
389 435 441 502 ἐπὶ
462 438 520 514 τὰς
542 447 634 520 ναῦς,
656 436 886 521 ἀθυμήσαντές
908 462 963 521 μοι
986 435 1102 503 πολλοὶ
1125 447 1184 503 τοῦ

180 544 395 627 πληρώματος
417 540 533 629 ᾤχοντ’
560 541 776 620 ἀπολιπόντες
797 545 858 627 την
880 553 977 626 ναῦν,
1005 545 1040 608 οί
1060 539 1120 625 μέν
1138 545 1185 618 είς

144 707 149 718 s
181 649 241 731 τὴν
263 649 400 731 ἤπειρον
424 650 708 731 στρατευσόμενοι,
731 649 766 713 οί
786 644 816 712 δ’
840 649 961 725 εἰςτὰς
980 651 1112 713 Θασίων
1130 645 1184 713 καὶ

181 757 390 838 Μαρωνιτῶν
412 763 504 836 ναῦς,
527 758 637 841 μισθῷ
657 752 786 840 μεγάλω
804 751 994 831 πεισθέντες
1011 751 1065 820 καὶ
1083 752 1184 838 άργό-

181 881 256 942 ριον
282 861 368 923 πολὺ
395 861 615 943 προλαβόντες
642 861 697 923 καὶ
723 859 763 922 τὰ
786 854 846 941 μὲν
868 856 944 944 παρ’
968 858 1048 943 ἐμοῦ
1071 858 1219 942 ἐξανη-9

181 961 300 1048 λωμέν’
325 965 388 1047 ἤδη
413 964 571 1049 ὁρῶντες,
593 965 632 1029 τὰ
656 961 692 1028 δέ
715 973 771 1046 τῆς
793 967 918 1040 πόλεως
940 962 1059 1047 άμελῆ,
1085 965 1124 1028 τά
1148 960 1185 1028 δέ

180 1079 248 1134 τῶν
276 1069 455 1154 συμμάχων
483 1070 605 1154 άπορα,
632 1069 671 1133 τά
700 1065 736 1132 δέ
763 1080 830 1133 τῶν
853 1079 1043 1154 στρατηγῶν
1066 1070 1184 1134 άπιστα

179 1172 235 1239 καὶ
261 1174 326 1240 ὑπὸ
353 1179 486 1239 πολλῶν
514 1174 622 1238 αὐτῶν
650 1176 737 1262 λόγῳ
757 1165 1015 1258 Ιἐξηπατημένοι,
1044 1172 1099 1238 καὶ
1125 1176 1184 1239 τὸν

180 1282 302 1364 χρόνον
330 1278 485 1363 ἐξήκοντα
511 1289 568 1363 τῆς
594 1282 805 1364 τριηραρχίας
832 1277 886 1344 καὶ
912 1282 971 1345 τὸν
993 1284 1100 1346 πλοῦν
1124 1278 1184 1344 οὐκ

182 1382 249 1449 ὅντ’
273 1386 397 1469 οἶκαδε,
420 1382 499 1450 οὐδὲ
522 1385 679 1470 διάδοχον
701 1383 811 1468 ἥκοντ’
834 1384 887 1450 ἐπί
906 1387 965 1470 τὴν
984 1394 1080 1466 ναῦν,
1102 1381 1178 1469 παρ’

180 1485 221 1555 οὗ
248 1491 291 1554 ἄν
316 1513 365 1566 τις
386 1489 525 1573 ἠξίωσεν
549 1490 771 1575 ὠφεληθῆναι.
817 1490 884 1579 ὅσῳ
906 1492 969 1576 γάρ
993 1490 1183 1576 φιλοτιμοῦ-

182 1617 280 1678 μενος
302 1595 439 1678 άμεινον
458 1595 697 1680 ἐπληρωσάμην
715 1597 777 1679 την
794 1606 879 1661 ναῦν
898 1595 1017 1681 ἐρετῶν
1035 1594 1184 1679 άγαθῶν,

180 1701 326 1788 τοσούτῳ
358 1723 414 1783 μοι
446 1705 579 1784 πλείστη
612 1699 784 1778 ἀπόλειψις
815 1699 943 1785 ἐγένετο
974 1713 1041 1766 τῶν
1073 1702 1183 1766 άλλων

15 1891 18 1901 y
104 1799 107 1806 ’
180 1804 396 1890 τριηράρχων.
436 1819 505 1883 τοῖς
532 1803 592 1890 μὲν
616 1807 678 1890 γὰρ
701 1807 828 1889 ἄλλοις,
856 1809 887 1872 εί
908 1810 952 1891 μη
974 1830 1006 1871 τι
1028 1808 1124 1891 άλλο,
1152 1808 1187 1872 οί
1204 1821 1238 1870 10

177 1907 210 1994 γ’
245 1910 280 1975 ἐκ
312 1915 495 1995 καταλόγου
527 1911 681 1988 ἐλθόντες
712 1909 763 1976 ἐπὶ
795 1913 855 1996 τὴν
884 1923 969 1978 ναῦν
998 1911 1183 1997 παρέμενον

179 2025 355 2101 τηροῦντες
382 2017 442 2100 τὴν
466 2017 576 2081 οίκαδε
600 2018 780 2100 σωτηρίαν,
808 2012 897 2081 ὁπότ’
922 2015 1043 2092 αὐτοὺς
1065 2014 1184 2100 άφησει

180 2121 198 2186 ὁ
222 2123 415 2205 στρατηγός·
439 2121 474 2185 οί
494 2118 524 2185 δ’
547 2118 618 2204 ἐμοὶ
641 2130 759 2186 ναῦται
777 2123 984 2202 πιστεύοντες
1002 2121 1113 2199 αὑτοῖς
1131 2119 1183 2188 ἐπὶ

179 2236 225 2314 τςῦ
249 2229 416 2291 δύνασθαι
439 2224 607 2309 ἐλαύνειν,
630 2225 714 2291 ὅπου
736 2228 880 2310 ἤμελλον
902 2225 1061 2311 ἀργύριον
1083 2226 1182 2292 πάλιν

180 2336 334 2396 πλείσταν
353 2333 530 2414 λήψεσθαι,
553 2327 686 2395 ἐνταῦθ’
707 2330 848 2416 άπησαν,
869 2331 1049 2415 ἡγούμενοι
1067 2333 1128 2416 τὴν
1146 2332 1182 2398 ἐν

179 2444 225 2524 τῷ
254 2439 392 2522 παρόντι
422 2436 581 2520 εὐπορίαν
608 2440 742 2521 κρείττω
771 2431 856 2501 εἶναι
884 2435 995 2512 αὑτοῖς
1021 2446 1081 2502 τοῦ
1108 2434 1182 2520 μέλ-

181 2547 296 2618 λοντος
317 2543 443 2626 φόβον,
468 2546 503 2605 εί
520 2561 599 2606 ποτε
623 2543 840 2625 λειφθείησαν
861 2537 917 2604 ὑπ’
941 2540 1031 2624 ἐμοῦ.
1075 2544 1182 2608 τοιού·
1204 2559 1234 2608 11

178 2669 247 2710 των
280 2649 394 2711 τοίνυν
426 2669 482 2729 μοι
513 2655 580 2710 τῶν
611 2646 811 2730 πραγμάτων
844 2648 1098 2728 συμβεβηκότων
1128 2646 1183 2714 καὶ

179 2761 239 2816 τοῦ
276 2761 458 2836 στρατηγοῦ
495 2752 561 2834 ἅμα
597 2751 785 2836 Τιμομάχου
816 2749 1058 2833 προστάξαντος
1088 2758 1183 2819 πλεῖν

179 2854 233 2940 ἐφ’
255 2854 360 2941 Ἱερὸν
383 2855 435 2921 ἐπὶ
457 2857 518 2940 τὴν
540 2855 761 2940 παραπομπὴν
783 2863 843 2919 τοῦ
867 2857 959 2918 σίτου
982 2853 1036 2918 καὶ
1059 2860 1183 2939 μισθὸν

180 2961 222 3026 οὐ
251 2962 417 3045 διδόντος,
444 2957 726 3044 εἰσαγγελθέντων
750 2959 800 3024 ὅτι
820 2959 995 3037 Βυζάντιοι
1017 2960 1072 3027 καὶ
1095 2965 1183 3028 Καλ-

179 3069 330 3152 χηδόνιοι
359 3066 458 3131 πάλιν
485 3067 663 3148 κατάγουσι
690 3065 729 3129 τά
755 3068 855 3129 πλοῖα
882 3063 936 3130 καί
964 3064 1183 3149 ἀναγκάζουσι

179 3174 237 3237 τὸν
257 3184 348 3237 σῖτον
368 3171 579 3257 ἐξαιρεῖσθαι,
598 3170 833 3254 δανεισάμενος
852 3168 914 3253 ἐγὼ
929 3169 1089 3256 ἀργύριον
1102 3171 1177 3259 παρ’

175 3273 378 3362 Ἀρχεδήμου
405 3274 465 3362 μὲν
492 3285 551 3342 τοῦ
575 3273 815 3362 Ἀναφλνστίου
842 3278 1073 3342 πεντεκαίδεκα
1100 3289 1183 3362 μνᾶς

179 3381 384 3466 ἐπιδέκατον,
403 3382 595 3458 ὀκτακοσίας
613 3378 649 3447 δέ
669 3382 814 3467 δραχμάς
830 3382 918 3465 παρά
934 3385 1104 3448 Νικίππου
1122 3395 1182 3450 τοῦ

178 3491 367 3573 ναυκλήρου
389 3489 546 3553 ναυτικὸν
569 3486 763 3572 ἀνειλόμην,
788 3486 824 3563 ὃς
846 3488 960 3572 ἐτυχεν
983 3487 1030 3552 ῶν
1053 3486 1089 3552 ἐν
1112 3493 1181 3574 Ση-
