2670 3988
478 225 536 278 XII.
556 223 817 278 ΔΗΜΟΣΘΕΝΗΣ.
1103 225 1146 289 45

144 384 295 465 κλησίας,
324 380 361 446 ἐν
388 374 409 466 ᾖ
435 383 495 447 τὸν
525 380 655 466 ἄρχοντ’
684 382 881 469 ἐπικληροῦν
908 386 926 451 ὁ
954 389 1055 468 νόμος
1081 384 1251 477 τοίςθξχήθζξ

146 498 257 571 χοροῖς
279 489 356 563 τοὺς
378 486 520 569 αὐλητὰς
541 488 677 571 κελεύει,
702 491 810 571 λόγων
833 488 887 554 καὶ
910 491 1076 574 λοιδορίας
1099 514 1147 572 γι-
1180 491 1219 531 ⁸⁵²

147 588 322 674 γυομένης,
350 588 406 655 καὶ
436 603 696 678 κατηγοροῦντος
724 603 784 658 τοῦ
811 590 871 677 μὲν
898 595 1055 679 άρχοντος
1081 606 1147 660 τῶν

147 695 348 779 ἐπιμελητῶν
369 706 427 779 τής
449 703 566 781 φυλῆς,
587 709 654 763 τῶν
678 698 707 764 δ’
731 699 932 782 ἐπιμελητῶν
952 711 1012 766 τοῦ
1030 702 1148 786 άρχου-

146 825 217 884 τος,
243 804 420 887 παρελθὼν
443 803 633 888 ὑπεσχόμην
656 803 719 887 ἐγὼ
744 808 938 889 χορηγήσειν
962 805 1148 889 ἐθελοντής,

145 905 201 972 καὶ
228 907 462 992 κληρουμένων
489 921 616 992 πρῶτος
639 911 805 993 αἱρεῖσθαι
827 914 885 976 τὸν
908 911 1053 996 αὐλητὴν
1076 915 1147 976 ἐλα-

146 1037 223 1097 χον,
246 1013 338 1096 ὑμεῖς
360 1011 437 1096 μέν,
458 1011 484 1078 ὦ
508 1015 627 1098 ἄνδρες
645 1012 827 1099 Ἀθηναῖοι,
849 1017 967 1094 πάντες
989 1015 1142 1101 ἀμφότερ’
1166 1035 1181 1082 3

146 1119 191 1194 ὡς
214 1109 286 1184 οἷόν
309 1141 343 1182 τε
366 1117 493 1202 μάλιστ’
512 1117 725 1203 ἀπεδέξασθε,
746 1123 807 1203 τήν
825 1118 852 1185 τ’
875 1120 1070 1204 ἐπαγγελίαν
1087 1123 1147 1206 τήν

147 1223 229 1306 ἐμήν
252 1220 305 1288 καὶ
328 1225 365 1288 τὸ
389 1224 520 1308 συμβάν
543 1223 606 1289 άπὸ
629 1235 686 1307 τῆς
708 1227 821 1311 τύχης,
846 1225 900 1290 καὶ
921 1230 1072 1311 θόρυβον
1094 1225 1147 1292 καὶ

146 1332 266 1411 κρότου
284 1338 434 1396 τοιοῦτον
453 1329 497 1405 ὡς
515 1328 556 1394 δν
576 1329 786 1407 ἐπαινοῦντές
803 1355 836 1396 τε
855 1330 909 1395 καὶ
929 1331 1149 1416 συνησθέντες

147 1433 335 1516 ἐποιήσατε,
361 1437 505 1511 Μειδίας
528 1435 556 1498 δ’
583 1433 697 1500 οὑτοσί
719 1439 819 1520 μόνος
840 1448 907 1501 τῶν
929 1438 1077 1521 πάντων,
1104 1439 1148 1514 ὡς

148 1541 269 1622 ἔοικεν,
300 1539 449 1624 ήχθέσθη
484 1539 539 1604 καὶ
572 1543 845 1626 παρηκολούθησε
877 1539 952 1626 παρ’
981 1543 1061 1626 ὅλην
1088 1545 1147 1626 τήν

148 1648 354 1729 λειτουργίαν
391 1645 576 1729 ἐπηρεάζων
612 1671 668 1730 μοι
705 1657 849 1731 συνεχῶς
879 1647 933 1712 καὶ
964 1649 1063 1733 μικρά
1093 1646 1147 1712 καὶ

148 1754 253 1834 μείζω.
299 1749 360 1814 ὅσα
387 1746 448 1833 μὲν
476 1746 538 1816 οὖν
565 1750 585 1834 ή
611 1754 688 1826 τοὺς
715 1753 870 1836 χορευτὰς
898 1753 1182 1838 ἐναντιούμενοςο

147 1856 226 1940 ἡμίν
250 1855 416 1939 ἀφεθῆναι
438 1865 495 1939 τής
517 1860 684 1940 στρατείας
709 1858 899 1941 ήνώχλησευ
920 1857 941 1940 ή
965 1862 1147 1942 προβαλλό-

147 1984 246 2045 μενος
273 1958 327 2025 καὶ
356 1962 500 2026 κελεύων
531 1959 649 2026 ἑαυτὸν
678 1964 725 2038 είς
754 1963 919 2026 Διονύσια
947 1975 1147 2048 χειροτονεῖν

149 2066 343 2150 ἐπιμελητὴν
366 2065 387 2149 ή
409 2068 511 2131 τύλλα
533 2064 634 2132 πάνθ’
660 2067 721 2132 ὅσα
743 2066 880 2150 τοιαῦτ’,
904 2066 1002 2133 ἐάσω·
1026 2069 1147 2153 οὐγὰρ

148 2170 256 2254 ἀγνοῶ
280 2168 390 2254 τοῦθ’,
418 2172 468 2236 ὅτι
489 2180 535 2259 τῷ
560 2169 621 2255 μὲν
644 2171 888 2261 ἐπηρεαζομένῳ
911 2171 976 2239 τότ’
1000 2173 1071 2258 ἐμοὶ
1093 2173 1147 2240 καὶ

148 2274 349 2363 ὑβριζομένῳ
376 2278 436 2360 τήν
464 2277 567 2360 αὑτήν
591 2278 694 2362 ὀργήν
718 2277 854 2343 ἕκαστον
877 2280 1018 2362 τούτων,
1044 2281 1147 2365 ήνπερ

148 2379 219 2446 ἄλλ’
236 2382 349 2447 ὁτιοῦν
366 2391 434 2446 τῶν
453 2384 663 2466 δεινοτάτων,
681 2387 832 2468 παρίστη,
850 2383 930 2467 ὑμίν
949 2381 986 2449 δὲ
1004 2395 1072 2462 τοῖς
1087 2385 1147 2463 ἔξω

147 2496 206 2552 τοῦ
228 2486 415 2570 πράγματος
438 2483 534 2553 οὑσιν
556 2488 617 2553 οὐκ
636 2487 677 2552 δν
697 2495 774 2565 ἴσως
792 2486 853 2566 άξί
871 2489 955 2554 αύτδι
973 2488 1050 2555 καθ’
1066 2491 1149 2592 αὑτά

147 2590 274 2674 ἀγῶνος
300 2595 432 2675 φανείη·
466 2587 538 2657 ἀλλ’
564 2593 585 2657 ὑλ
612 2593 731 2669 πάντες
758 2593 800 2658 δυ
825 2594 945 2677 ὁμοίως
967 2594 1149 2679 ἀγανακτή-

148 2713 252 2780 σαιτε,
278 2693 368 2762 ταῦτ’
395 2696 467 2782 ἐρῶ.
512 2699 574 2780 τήν
601 2699 664 2782 γδιρ
692 2698 815 2781 ἐσθῆτα
841 2701 902 2782 τήν
926 2701 1017 2784 ίεράν
1042 2700 1182 2785 (ίεράυῠ

148 2803 210 2887 γὰρ
234 2805 335 2885 ἔγωγε
356 2807 476 2887 νομίζω
494 2812 603 2868 πᾶσαν
623 2803 705 2886 ὑσηυ
723 2805 765 2867 άν
783 2827 832 2880 τις
850 2804 943 2870 ἕνεκα
962 2814 1018 2889 τῆς
1036 2803 1149 2890 ἑορτῆς

146 2908 441 2992 παρασκευάσηται,
463 2905 542 2985 τέως
564 2907 607 2973 δυ
629 2905 774 2994 χρησθῇ)
797 2906 851 2973 καὶ
873 2912 950 2986 τοὺς
968 2910 1149 2995 στεφάνους

147 3015 225 3089 τοὺς
250 3023 408 3098 χρυσοῦς,
436 3013 493 3090 οὑς
521 3011 724 3097 ἐποιησάμην
748 3013 811 3096 ἐγὼ
834 3017 959 3097 κόσμον
981 3024 1025 3103 τῷ
1049 3026 1147 3103 χορῷ,

148 3117 402 3202 ἐπεβούλευσεν,
440 3114 465 3183 ὦ
497 3119 615 3199 ἄνδρες
643 3116 832 3201 Ἀθηναῖοι,
869 3121 1065 3204 διαφθεῖραί
1093 3145 1149 3204 μοι

147 3223 276 3308 νύκτωρ
300 3223 410 3288 ἐλθὼν
432 3220 484 3288 ἐπὶ
507 3224 567 3306 τήν
587 3225 694 3288 οίκίαν
713 3223 772 3306 τήν
790 3233 850 3289 τοῦ
869 3228 1062 3310 χρυσοχόου.
1093 3224 1148 3291 καὶ

148 3325 354 3413 διέφθειρεν,
385 3329 426 3395 ού
456 3327 568 3412 μέντοι
597 3330 705 3394 πᾶσάν
734 3347 785 3411 γε·
823 3329 864 3394 ού
893 3331 955 3414 γδιρ
985 3332 1147 3414 ἠδυνήθη.

147 3436 252 3498 καίτοι
275 3437 374 3499 τοῦτό
396 3432 428 3517 γ’
451 3432 560 3510 οὐδεὶς
581 3431 706 3499 πώποτ’
729 3431 838 3498 οὐδέν’
857 3432 898 3499 δν
916 3439 1053 3520 φήσειεν
1071 3436 1149 3520 άκη-

146 3536 258 3604 κοέναι
285 3535 479 3622 τολμήσαντ’
509 3535 587 3604 οὐδὲ
613 3537 782 3623 ποιήσαντ’
811 3539 847 3605 ἐν
874 3549 913 3625 τῇ
940 3545 1041 3607 πόλει.
1087 3541 1182 3609 ούκό
