<?xml version="1.0" encoding="UTF-8"?>
<!DOCTYPE html PUBLIC "-//W3C//DTD XHTML 1.0 Transitional//EN"
    "http://www.w3.org/TR/xhtml1/DTD/xhtml1-transitional.dtd">
<html xmlns="http://www.w3.org/1999/xhtml" xml:lang="en" lang="en">
 <head>
  <title>
</title>
<meta http-equiv="Content-Type" content="text/html;charset=utf-8" />
  <meta name='ocr-system' content='tesseract 3.04.00' />
  <meta name='ocr-capabilities' content='ocr_page ocr_carea ocr_par ocr_line ocrx_word'/>
</head>
<body>
  <div class='ocr_page' id='page_1' title='image "./florilegiumgrae00petegoog_0061.png"; bbox 0 0 2670 3988; ppageno 0'>
   <div class='ocr_carea' id='block_1_1' title="bbox 471 250 1137 314">
    <p class='ocr_par' dir='ltr' id='par_1_1' title="bbox 471 250 1137 314">
     <span class='ocr_line' id='line_1_1' title="bbox 471 250 1137 314; baseline -0.002 -7"><span class='ocrx_word' id='word_1_1' title='bbox 471 257 528 310; x_wconf 90' lang='lat' dir='ltr'><strong><em>XV.</em></strong></span> <span class='ocrx_word' id='word_1_2' title='bbox 546 255 806 307; x_wconf 80' lang='grc' dir='ltr'>ΔΗΜΟΣΘΕΝΗΣ.</span> <span class='ocrx_word' id='word_1_3' title='bbox 1096 250 1137 314; x_wconf 78' lang='grc'><strong><em>57</em></strong></span> 
     </span>
    </p>
   </div>
   <div class='ocr_carea' id='block_1_2' title="bbox 139 409 1193 2918">
    <p class='ocr_par' dir='ltr' id='par_1_2' title="bbox 139 409 1193 2918">
     <span class='ocr_line' id='line_1_2' title="bbox 139 409 1139 498; baseline -0.003 -20"><span class='ocrx_word' id='word_1_4' title='bbox 139 416 217 490; x_wconf 87' lang='grc' dir='ltr'><strong><em>τοὺς</em></strong></span> <span class='ocrx_word' id='word_1_5' title='bbox 253 415 292 478; x_wconf 80' lang='grc' dir='ltr'><strong><em>τά</em></strong></span> <span class='ocrx_word' id='word_1_6' title='bbox 329 411 454 480; x_wconf 81' lang='grc' dir='ltr'><strong><em>ἑαυτῶν</em></strong></span> <span class='ocrx_word' id='word_1_7' title='bbox 487 416 530 498; x_wconf 89' lang='grc' dir='ltr'><strong><em>μή</em></strong></span> <span class='ocrx_word' id='word_1_8' title='bbox 562 412 774 498; x_wconf 73' lang='grc' dir='ltr'><strong><em>εἰσφέροντας</em></strong></span> <span class='ocrx_word' id='word_1_9' title='bbox 805 418 930 498; x_wconf 84' lang='grc' dir='ltr'><strong><em>μᾶλλον</em></strong></span> <span class='ocrx_word' id='word_1_10' title='bbox 961 411 1088 476; x_wconf 77' lang='grc' dir='ltr'><em>ἀδικεῖν</em></span> <span class='ocrx_word' id='word_1_11' title='bbox 1119 409 1139 494; x_wconf 86' lang='grc' dir='ltr'><strong><em>ἠ</em></strong></span> 
     </span>
     <span class='ocr_line' id='line_1_3' title="bbox 139 512 1192 605; baseline -0.003 -22"><span class='ocrx_word' id='word_1_12' title='bbox 139 521 217 594; x_wconf 91' lang='grc' dir='ltr'><strong><em>τοὺς</em></strong></span> <span class='ocrx_word' id='word_1_13' title='bbox 238 519 278 582; x_wconf 86' lang='grc' dir='ltr'><strong><em>τά</em></strong></span> <span class='ocrx_word' id='word_1_14' title='bbox 300 517 382 584; x_wconf 91' lang='grc' dir='ltr'><strong><em>κοίν’</em></strong></span> <span class='ocrx_word' id='word_1_15' title='bbox 405 517 677 605; x_wconf 78' lang='grc' dir='ltr'><strong><em>ὑφαιρουμένους.</em></strong></span> <span class='ocrx_word' id='word_1_16' title='bbox 713 524 803 595; x_wconf 89' lang='grc' dir='ltr'><strong><em>τίνος</em></strong></span> <span class='ocrx_word' id='word_1_17' title='bbox 820 513 883 583; x_wconf 83' lang='grc' dir='ltr'><strong><em>οὖν</em></strong></span> <span class='ocrx_word' id='word_1_18' title='bbox 901 513 999 600; x_wconf 80' lang='grc' dir='ltr'><strong><em>ἕνεκ’,</em></strong></span> <span class='ocrx_word' id='word_1_19' title='bbox 1022 512 1141 600; x_wconf 82' lang='grc' dir='ltr'><strong><em>ὧβδε-</em></strong></span> <span class='ocrx_word' id='word_1_20' title='bbox 1161 531 1192 580; x_wconf 80' lang='lat'><strong><em>12</em></strong></span> 
     </span>
     <span class='ocr_line' id='line_1_4' title="bbox 141 616 1140 707; baseline -0.003 -19"><span class='ocrx_word' id='word_1_21' title='bbox 141 622 235 707; x_wconf 91' lang='grc' dir='ltr'><strong><em>λυρέ,</em></strong></span> <span class='ocrx_word' id='word_1_22' title='bbox 268 623 350 689; x_wconf 80' lang='grc' dir='ltr'><strong><em>ἐτῶν</em></strong></span> <span class='ocrx_word' id='word_1_23' title='bbox 382 625 489 690; x_wconf 83' lang='grc' dir='ltr'><strong><em>ὄντων</em></strong></span> <span class='ocrx_word' id='word_1_24' title='bbox 519 628 683 690; x_wconf 87' lang='grc' dir='ltr'><strong><em>πλειόνων</em></strong></span> <span class='ocrx_word' id='word_1_25' title='bbox 709 624 730 707; x_wconf 88' lang='grc' dir='ltr'><strong><em>ἠ</em></strong></span> <span class='ocrx_word' id='word_1_26' title='bbox 757 617 918 707; x_wconf 80' lang='grc' dir='ltr'><strong><em>τριάκοντ’</em></strong></span> <span class='ocrx_word' id='word_1_27' title='bbox 947 621 1003 706; x_wconf 89' lang='grc' dir='ltr'><strong><em>ἀφ’</em></strong></span> <span class='ocrx_word' id='word_1_28' title='bbox 1030 616 1071 686; x_wconf 84' lang='grc' dir='ltr'><strong><em>οὗ</em></strong></span> <span class='ocrx_word' id='word_1_29' title='bbox 1099 623 1140 685; x_wconf 84' lang='grc' dir='ltr'><strong><em>σὺ</em></strong></span> 
     </span>
     <span class='ocr_line' id='line_1_5' title="bbox 140 723 1141 818; baseline -0.003 -25"><span class='ocrx_word' id='word_1_30' title='bbox 140 729 312 812; x_wconf 77' lang='grc' dir='ltr'><strong><em>πολιτεύῃ,</em></strong></span> <span class='ocrx_word' id='word_1_31' title='bbox 339 727 394 794; x_wconf 84' lang='grc' dir='ltr'><strong><em>καὶ</em></strong></span> <span class='ocrx_word' id='word_1_32' title='bbox 422 729 458 794; x_wconf 79' lang='grc' dir='ltr'><strong><em>ἐν</em></strong></span> <span class='ocrx_word' id='word_1_33' title='bbox 481 730 586 818; x_wconf 78' lang='grc' dir='ltr'><strong><em>τούτῳ</em></strong></span> <span class='ocrx_word' id='word_1_34' title='bbox 609 737 653 816; x_wconf 73' lang='grc' dir='ltr'><strong><em>τῷ</em></strong></span> <span class='ocrx_word' id='word_1_35' title='bbox 677 731 786 816; x_wconf 78' lang='grc' dir='ltr'><strong><em>χρόνῳ</em></strong></span> <span class='ocrx_word' id='word_1_36' title='bbox 808 732 940 792; x_wconf 77' lang='grc' dir='ltr'><strong><em>πολλῶν</em></strong></span> <span class='ocrx_word' id='word_1_37' title='bbox 962 723 1022 811; x_wconf 78' lang='grc' dir='ltr'><strong><em>μὲν</em></strong></span> <span class='ocrx_word' id='word_1_38' title='bbox 1045 743 1141 811; x_wconf 85' lang='grc' dir='ltr'><strong><em>στρα·</em></strong></span> 
     </span>
     <span class='ocr_line' id='line_1_6' title="bbox 140 829 1144 917; baseline -0.003 -19"><span class='ocrx_word' id='word_1_39' title='bbox 140 843 249 916; x_wconf 80' lang='grc' dir='ltr'><strong><em>τηγῶν</em></strong></span> <span class='ocrx_word' id='word_1_40' title='bbox 271 834 479 916; x_wconf 74' lang='grc' dir='ltr'><strong><em>ἠδικηκότων</em></strong></span> <span class='ocrx_word' id='word_1_41' title='bbox 501 836 562 917; x_wconf 89' lang='grc' dir='ltr'><strong><em>τήν</em></strong></span> <span class='ocrx_word' id='word_1_42' title='bbox 584 837 694 915; x_wconf 89' lang='grc' dir='ltr'><strong><em>πόλιν,</em></strong></span> <span class='ocrx_word' id='word_1_43' title='bbox 716 837 847 898; x_wconf 80' lang='grc' dir='ltr'><strong><em>πολλῶν</em></strong></span> <span class='ocrx_word' id='word_1_44' title='bbox 871 829 907 898; x_wconf 76' lang='grc' dir='ltr'><strong><em>δὲ</em></strong></span> <span class='ocrx_word' id='word_1_45' title='bbox 926 831 1086 917; x_wconf 78' lang='grc' dir='ltr'><strong><em>ῥητόρων,</em></strong></span> <span class='ocrx_word' id='word_1_46' title='bbox 1109 834 1144 896; x_wconf 78' lang='grc' dir='ltr'><strong><em>οἳ</em></strong></span> 
     </span>
     <span class='ocr_line' id='line_1_7' title="bbox 140 927 1142 1022; baseline -0.002 -20"><span class='ocrx_word' id='word_1_47' title='bbox 140 940 227 1022; x_wconf 80' lang='grc' dir='ltr'><strong><em>παρὰ</em></strong></span> <span class='ocrx_word' id='word_1_48' title='bbox 255 936 400 1003; x_wconf 83' lang='grc' dir='ltr'><strong><em>τουτοισὶ</em></strong></span> <span class='ocrx_word' id='word_1_49' title='bbox 423 936 603 1022; x_wconf 80' lang='grc' dir='ltr'><strong><em>κέκρινται,</em></strong></span> <span class='ocrx_word' id='word_1_50' title='bbox 631 933 678 1003; x_wconf 81' lang='grc' dir='ltr'><strong><em>ὧν</em></strong></span> <span class='ocrx_word' id='word_1_51' title='bbox 700 939 737 1003; x_wconf 78' lang='lat' dir='ltr'><strong><em>oc</em></strong></span> <span class='ocrx_word' id='word_1_52' title='bbox 756 934 817 1021; x_wconf 77' lang='grc' dir='ltr'><strong><em>μὲν</em></strong></span> <span class='ocrx_word' id='word_1_53' title='bbox 839 943 997 1002; x_wconf 79' lang='grc' dir='ltr'><strong><em>τεθνᾶσιν</em></strong></span> <span class='ocrx_word' id='word_1_54' title='bbox 1019 931 1072 1020; x_wconf 79' lang='grc' dir='ltr'><strong><em>ἐφ’</em></strong></span> <span class='ocrx_word' id='word_1_55' title='bbox 1092 927 1142 1012; x_wconf 87' lang='grc' dir='ltr'><strong><em>οἷς</em></strong></span> 
     </span>
     <span class='ocr_line' id='line_1_8' title="bbox 140 1041 1142 1128; baseline -0.003 -20"><span class='ocrx_word' id='word_1_56' title='bbox 140 1046 297 1128; x_wconf 88' lang='grc' dir='ltr'><strong><em>ἠδίκουν,</em></strong></span> <span class='ocrx_word' id='word_1_57' title='bbox 335 1044 371 1109; x_wconf 84' lang='grc' dir='ltr'><strong><em>οί</em></strong></span> <span class='ocrx_word' id='word_1_58' title='bbox 404 1041 433 1108; x_wconf 88' lang='grc' dir='ltr'><strong><em>δ’</em></strong></span> <span class='ocrx_word' id='word_1_59' title='bbox 470 1043 740 1128; x_wconf 87' lang='grc' dir='ltr'><strong><em>ὑποχωρήσαντες</em></strong></span> <span class='ocrx_word' id='word_1_60' title='bbox 771 1044 968 1127; x_wconf 77' lang='grc' dir='ltr'><strong><em>φεύγουσιν,</em></strong></span> <span class='ocrx_word' id='word_1_61' title='bbox 1004 1041 1142 1116; x_wconf 85' lang='grc' dir='ltr'><strong><em>οὐδενὸς</em></strong></span> 
     </span>
     <span class='ocr_line' id='line_1_9' title="bbox 140 1145 1142 1235; baseline -0.003 -21"><span class='ocrx_word' id='word_1_62' title='bbox 140 1146 261 1214; x_wconf 84' lang='grc' dir='ltr'><strong><em>πώποτ’</em></strong></span> <span class='ocrx_word' id='word_1_63' title='bbox 292 1147 473 1232; x_wconf 76' lang='grc' dir='ltr'><strong><em>ἐξητάσθης</em></strong></span> <span class='ocrx_word' id='word_1_64' title='bbox 501 1151 680 1235; x_wconf 90' lang='grc' dir='ltr'><strong><em>κατήγορος</em></strong></span> <span class='ocrx_word' id='word_1_65' title='bbox 708 1145 781 1214; x_wconf 88' lang='grc' dir='ltr'><strong><em>οὐδ’</em></strong></span> <span class='ocrx_word' id='word_1_66' title='bbox 807 1147 999 1230; x_wconf 78' lang='grc' dir='ltr'><strong><em>ἀγανακτῶν</em></strong></span> <span class='ocrx_word' id='word_1_67' title='bbox 1025 1148 1142 1231; x_wconf 73' lang='grc' dir='ltr'><strong><em>ὤφθης</em></strong></span> 
     </span>
     <span class='ocr_line' id='line_1_10' title="bbox 141 1247 1142 1339; baseline -0.003 -21"><span class='ocrx_word' id='word_1_68' title='bbox 141 1251 223 1339; x_wconf 72' lang='grc' dir='ltr'><strong><em>ὑπὲρ</em></strong></span> <span class='ocrx_word' id='word_1_69' title='bbox 247 1247 294 1318; x_wconf 80' lang='grc' dir='ltr'><strong><em>ὧν</em></strong></span> <span class='ocrx_word' id='word_1_70' title='bbox 316 1253 337 1336; x_wconf 84' lang='grc' dir='ltr'><strong><em>ἠ</em></strong></span> <span class='ocrx_word' id='word_1_71' title='bbox 360 1252 454 1330; x_wconf 91' lang='grc' dir='ltr'><strong><em>πόλις</em></strong></span> <span class='ocrx_word' id='word_1_72' title='bbox 475 1255 602 1338; x_wconf 90' lang='grc' dir='ltr'><strong><em>πάσχει,</em></strong></span> <span class='ocrx_word' id='word_1_73' title='bbox 624 1253 729 1330; x_wconf 83' lang='grc' dir='ltr'><strong><em>οὕτως</em></strong></span> <span class='ocrx_word' id='word_1_74' title='bbox 751 1253 798 1318; x_wconf 83' lang='grc' dir='ltr'><strong><em>ὢν</em></strong></span> <span class='ocrx_word' id='word_1_75' title='bbox 816 1256 945 1336; x_wconf 86' lang='grc' dir='ltr'><strong><em>θρασὺς</em></strong></span> <span class='ocrx_word' id='word_1_76' title='bbox 962 1251 1016 1317; x_wconf 83' lang='grc' dir='ltr'><strong><em>καλ</em></strong></span> <span class='ocrx_word' id='word_1_77' title='bbox 1035 1250 1142 1334; x_wconf 82' lang='grc' dir='ltr'><strong><em>λέγειν</em></strong></span> 
     </span>
     <span class='ocr_line' id='line_1_11' title="bbox 142 1353 1142 1442; baseline -0.004 -18"><span class='ocrx_word' id='word_1_78' title='bbox 142 1361 260 1441; x_wconf 89' lang='grc' dir='ltr'><strong><em>δεινός,</em></strong></span> <span class='ocrx_word' id='word_1_79' title='bbox 283 1355 354 1423; x_wconf 89' lang='grc' dir='ltr'><strong><em>ἀλλ’</em></strong></span> <span class='ocrx_word' id='word_1_80' title='bbox 381 1357 514 1424; x_wconf 85' lang='grc' dir='ltr'><strong><em>ἐνταῦθ’</em></strong></span> <span class='ocrx_word' id='word_1_81' title='bbox 541 1359 664 1442; x_wconf 80' lang='grc' dir='ltr'><strong><em>ἐφάνης</em></strong></span> <span class='ocrx_word' id='word_1_82' title='bbox 686 1359 837 1442; x_wconf 82' lang='grc' dir='ltr'><strong><em>κηδεμὼν</em></strong></span> <span class='ocrx_word' id='word_1_83' title='bbox 860 1358 918 1440; x_wconf 76' lang='grc' dir='ltr'><strong><em>ἀν,</em></strong></span> <span class='ocrx_word' id='word_1_84' title='bbox 941 1353 982 1423; x_wconf 84' lang='grc' dir='ltr'><strong><em>οὗ</em></strong></span> <span class='ocrx_word' id='word_1_85' title='bbox 1005 1374 1041 1421; x_wconf 89' lang='grc' dir='ltr'><strong><em>σε</em></strong></span> <span class='ocrx_word' id='word_1_86' title='bbox 1063 1362 1142 1421; x_wconf 95' lang='grc' dir='ltr'><strong><em>πολ-</em></strong></span> 
     </span>
     <span class='ocr_line' id='line_1_12' title="bbox 141 1460 1193 1550; baseline -0.001 -21"><span class='ocrx_word' id='word_1_87' title='bbox 141 1467 219 1540; x_wconf 83' lang='grc' dir='ltr'><strong><em>λοὺς</em></strong></span> <span class='ocrx_word' id='word_1_88' title='bbox 243 1466 310 1530; x_wconf 82' lang='grc' dir='ltr'><strong><em>ἔδει</em></strong></span> <span class='ocrx_word' id='word_1_89' title='bbox 332 1477 438 1541; x_wconf 82' lang='grc' dir='ltr'><strong><em>κακῶς</em></strong></span> <span class='ocrx_word' id='word_1_90' title='bbox 459 1475 607 1549; x_wconf 83' lang='grc' dir='ltr'><strong><em>ποιήσαι;</em></strong></span> <span class='ocrx_word' id='word_1_91' title='bbox 632 1461 804 1550; x_wconf 77' lang='grc' dir='ltr'><strong><em>βούλεσθ’,</em></strong></span> <span class='ocrx_word' id='word_1_92' title='bbox 827 1465 945 1549; x_wconf 83' lang='grc' dir='ltr'><strong><em>ἀνδρες</em></strong></span> <span class='ocrx_word' id='word_1_93' title='bbox 959 1460 1142 1547; x_wconf 77' lang='grc' dir='ltr'><strong><em>Ἀθηναῖοι,</em></strong></span> <span class='ocrx_word' id='word_1_94' title='bbox 1163 1480 1193 1528; x_wconf 85' lang='grc'><strong><em>13</em></strong></span> 
     </span>
     <span class='ocr_line' id='line_1_13' title="bbox 141 1564 1142 1652; baseline 0 -20"><span class='ocrx_word' id='word_1_95' title='bbox 141 1571 178 1634; x_wconf 92' lang='grc' dir='ltr'><strong><em>τὸ</em></strong></span> <span class='ocrx_word' id='word_1_96' title='bbox 205 1569 333 1633; x_wconf 89' lang='grc' dir='ltr'><strong><em>τούτων</em></strong></span> <span class='ocrx_word' id='word_1_97' title='bbox 361 1575 468 1634; x_wconf 87' lang='grc' dir='ltr'><strong><em>αίτιον</em></strong></span> <span class='ocrx_word' id='word_1_98' title='bbox 493 1568 574 1652; x_wconf 77' lang='grc' dir='ltr'><strong><em>ὑμῖν</em></strong></span> <span class='ocrx_word' id='word_1_99' title='bbox 602 1574 696 1647; x_wconf 71' lang='grc' dir='ltr'><strong><em>εἴπας</em></strong></span> <span class='ocrx_word' id='word_1_100' title='bbox 728 1579 794 1633; x_wconf 84' lang='grc' dir='ltr'><strong><em>τῶν</em></strong></span> <span class='ocrx_word' id='word_1_101' title='bbox 821 1564 882 1652; x_wconf 74' lang='grc' dir='ltr'><strong><em>μδν</em></strong></span> <span class='ocrx_word' id='word_1_102' title='bbox 909 1564 1001 1633; x_wconf 83' lang='grc' dir='ltr'><strong><em>οίδεν</em></strong></span> <span class='ocrx_word' id='word_1_103' title='bbox 1025 1566 1142 1633; x_wconf 86' lang='grc' dir='ltr'><strong><em>ἑαυτὸν</em></strong></span> 
     </span>
     <span class='ocr_line' id='line_1_14' title="bbox 142 1670 1142 1757; baseline 0 -19"><span class='ocrx_word' id='word_1_104' title='bbox 142 1675 233 1756; x_wconf 86' lang='grc' dir='ltr'><strong><em>όντα,</em></strong></span> <span class='ocrx_word' id='word_1_105' title='bbox 251 1685 317 1738; x_wconf 83' lang='grc' dir='ltr'><strong><em>τῶν</em></strong></span> <span class='ocrx_word' id='word_1_106' title='bbox 330 1672 548 1757; x_wconf 87' lang='grc' dir='ltr'><strong><em>ἀδικούντων,</em></strong></span> <span class='ocrx_word' id='word_1_107' title='bbox 566 1673 651 1757; x_wconf 84' lang='grc' dir='ltr'><strong><em>ὑμᾶς</em></strong></span> <span class='ocrx_word' id='word_1_108' title='bbox 664 1670 695 1737; x_wconf 88' lang='grc' dir='ltr'><strong><em>δ’</em></strong></span> <span class='ocrx_word' id='word_1_109' title='bbox 711 1673 848 1750; x_wconf 85' lang='grc' dir='ltr'><strong><em>οὐδενὸς</em></strong></span> <span class='ocrx_word' id='word_1_110' title='bbox 861 1671 972 1750; x_wconf 81' lang='grc' dir='ltr'><strong><em>ἀξίους</em></strong></span> <span class='ocrx_word' id='word_1_111' title='bbox 984 1674 1142 1757; x_wconf 87' lang='grc' dir='ltr'><strong><em>ἠγήσατο·</em></strong></span> 
     </span>
     <span class='ocr_line' id='line_1_15' title="bbox 142 1778 1143 1865; baseline -0.003 -21"><span class='ocrx_word' id='word_1_112' title='bbox 142 1781 194 1844; x_wconf 92' lang='grc' dir='ltr'><strong><em>διὸ</em></strong></span> <span class='ocrx_word' id='word_1_113' title='bbox 217 1789 336 1844; x_wconf 87' lang='grc' dir='ltr'><strong><em>τοῦτον</em></strong></span> <span class='ocrx_word' id='word_1_114' title='bbox 359 1778 516 1865; x_wconf 79' lang='grc' dir='ltr'><strong><em>ἐχρήσατο</em></strong></span> <span class='ocrx_word' id='word_1_115' title='bbox 540 1781 598 1844; x_wconf 91' lang='grc' dir='ltr'><strong><em>τὸν</em></strong></span> <span class='ocrx_word' id='word_1_116' title='bbox 620 1782 743 1864; x_wconf 90' lang='grc' dir='ltr'><strong><em>τρόπον</em></strong></span> <span class='ocrx_word' id='word_1_117' title='bbox 766 1779 855 1863; x_wconf 84' lang='grc' dir='ltr'><strong><em>ὑμῖν.</em></strong></span> <span class='ocrx_word' id='word_1_118' title='bbox 890 1781 922 1844; x_wconf 92' lang='grc' dir='ltr'><strong><em>εί</em></strong></span> <span class='ocrx_word' id='word_1_119' title='bbox 940 1781 1002 1863; x_wconf 86' lang='grc' dir='ltr'><strong><em>γάρ</em></strong></span> <span class='ocrx_word' id='word_1_120' title='bbox 1022 1778 1143 1862; x_wconf 87' lang='grc' dir='ltr'><strong><em>ἀνδρα-</em></strong></span> 
     </span>
     <span class='ocr_line' id='line_1_16' title="bbox 141 1883 1143 1969; baseline 0.001 -21"><span class='ocrx_word' id='word_1_121' title='bbox 141 1886 254 1949; x_wconf 90' lang='grc' dir='ltr'><strong><em>πόδων</em></strong></span> <span class='ocrx_word' id='word_1_122' title='bbox 280 1886 389 1966; x_wconf 88' lang='grc' dir='ltr'><strong><em>πόλις,</em></strong></span> <span class='ocrx_word' id='word_1_123' title='bbox 417 1883 500 1949; x_wconf 87' lang='grc' dir='ltr'><strong><em>ἀλλά</em></strong></span> <span class='ocrx_word' id='word_1_124' title='bbox 528 1886 571 1968; x_wconf 89' lang='grc' dir='ltr'><strong><em>μή</em></strong></span> <span class='ocrx_word' id='word_1_125' title='bbox 594 1896 661 1949; x_wconf 81' lang='grc' dir='ltr'><strong><em>τῶν</em></strong></span> <span class='ocrx_word' id='word_1_126' title='bbox 683 1885 796 1969; x_wconf 86' lang='grc' dir='ltr'><strong><em>ἀρχειν</em></strong></span> <span class='ocrx_word' id='word_1_127' title='bbox 819 1883 939 1969; x_wconf 82' lang='grc' dir='ltr'><strong><em>ἑτέρων</em></strong></span> <span class='ocrx_word' id='word_1_128' title='bbox 961 1883 1143 1961; x_wconf 78' lang='grc' dir='ltr'><strong><em>ἀξιούντων</em></strong></span> 
     </span>
     <span class='ocr_line' id='line_1_17' title="bbox 143 1984 1144 2074; baseline 0.001 -21"><span class='ocrx_word' id='word_1_129' title='bbox 143 1985 332 2074; x_wconf 78' lang='grc' dir='ltr'><strong><em>ὡμολογεῖτ’</em></strong></span> <span class='ocrx_word' id='word_1_130' title='bbox 363 1984 463 2072; x_wconf 77' lang='grc' dir='ltr'><strong><em>εἶναι,</em></strong></span> <span class='ocrx_word' id='word_1_131' title='bbox 495 1989 556 2054; x_wconf 87' lang='grc' dir='ltr'><strong><em>οὐκ</em></strong></span> <span class='ocrx_word' id='word_1_132' title='bbox 585 1990 642 2072; x_wconf 83' lang='grc' dir='ltr'><strong><em>ἀν,</em></strong></span> <span class='ocrx_word' id='word_1_133' title='bbox 674 1985 699 2053; x_wconf 82' lang='grc' dir='ltr'>ὦ</span> <span class='ocrx_word' id='word_1_134' title='bbox 728 1991 846 2073; x_wconf 87' lang='grc' dir='ltr'><strong><em>ἀνδρες</em></strong></span> <span class='ocrx_word' id='word_1_135' title='bbox 869 1985 1055 2073; x_wconf 76' lang='grc' dir='ltr'><strong><em>Ἀθηναῖοι,</em></strong></span> <span class='ocrx_word' id='word_1_136' title='bbox 1086 1990 1144 2066; x_wconf 89' lang='grc' dir='ltr'><strong><em>τδις</em></strong></span> 
     </span>
     <span class='ocr_line' id='line_1_18' title="bbox 141 2074 1144 2180; baseline 0.001 -21"><span class='ocrx_word' id='word_1_137' title='bbox 141 2095 254 2179; x_wconf 81' lang='grc' dir='ltr'><strong><em>ὕβρεις</em></strong></span> <span class='ocrx_word' id='word_1_138' title='bbox 284 2092 463 2178; x_wconf 79' lang='grc' dir='ltr'><strong><em>ἠνέσχεσθε</em></strong></span> <span class='ocrx_word' id='word_1_139' title='bbox 495 2095 552 2170; x_wconf 86' lang='grc' dir='ltr'><strong><em>τὰς</em></strong></span> <span class='ocrx_word' id='word_1_140' title='bbox 583 2096 718 2176; x_wconf 89' lang='grc' dir='ltr'><strong><em>τούτου,</em></strong></span> <span class='ocrx_word' id='word_1_141' title='bbox 750 2074 787 2170; x_wconf 68' lang='grc' dir='ltr'><strong><em>ἃς</em></strong></span> <span class='ocrx_word' id='word_1_142' title='bbox 818 2096 898 2159; x_wconf 80' lang='grc' dir='ltr'><strong><em>κατὰ</em></strong></span> <span class='ocrx_word' id='word_1_143' title='bbox 929 2096 989 2177; x_wconf 89' lang='grc' dir='ltr'><strong><em>τήν</em></strong></span> <span class='ocrx_word' id='word_1_144' title='bbox 1018 2095 1144 2180; x_wconf 82' lang='grc' dir='ltr'><strong><em>ἀγορὰν</em></strong></span> 
     </span>
     <span class='ocr_line' id='line_1_19' title="bbox 141 2197 1143 2286; baseline 0 -20"><span class='ocrx_word' id='word_1_145' title='bbox 141 2201 273 2286; x_wconf 77' lang='grc' dir='ltr'><strong><em>ὕβριζεν</em></strong></span> <span class='ocrx_word' id='word_1_146' title='bbox 288 2200 372 2282; x_wconf 86' lang='grc' dir='ltr'><strong><em>ὁμοῦ</em></strong></span> <span class='ocrx_word' id='word_1_147' title='bbox 386 2203 565 2283; x_wconf 85' lang='grc' dir='ltr'><strong><em>μετοίκους,</em></strong></span> <span class='ocrx_word' id='word_1_148' title='bbox 577 2197 785 2283; x_wconf 79' lang='grc' dir='ltr'><strong><em>Ἀθηναίους·</em></strong></span> <span class='ocrx_word' id='word_1_149' title='bbox 800 2201 881 2283; x_wconf 82' lang='grc' dir='ltr'><strong><em>δῶν,</em></strong></span> <span class='ocrx_word' id='word_1_150' title='bbox 894 2200 1040 2283; x_wconf 90' lang='grc' dir='ltr'><strong><em>ἀπάγων,</em></strong></span> <span class='ocrx_word' id='word_1_151' title='bbox 1054 2204 1143 2284; x_wconf 84' lang='grc' dir='ltr'><strong><em>βοῶν</em></strong></span> 
     </span>
     <span class='ocr_line' id='line_1_20' title="bbox 143 2302 1144 2388; baseline 0 -18"><span class='ocrx_word' id='word_1_152' title='bbox 143 2305 179 2370; x_wconf 84' lang='grc' dir='ltr'><strong><em>έν</em></strong></span> <span class='ocrx_word' id='word_1_153' title='bbox 206 2318 276 2382; x_wconf 84' lang='grc' dir='ltr'><strong><em>ταῖς</em></strong></span> <span class='ocrx_word' id='word_1_154' title='bbox 303 2303 487 2387; x_wconf 83' lang='grc' dir='ltr'><strong><em>ἐκκλησίαις</em></strong></span> <span class='ocrx_word' id='word_1_155' title='bbox 514 2302 567 2368; x_wconf 81' lang='grc' dir='ltr'><strong><em>ἐπὶ</em></strong></span> <span class='ocrx_word' id='word_1_156' title='bbox 594 2314 653 2369; x_wconf 87' lang='grc' dir='ltr'><strong><em>τοῦ</em></strong></span> <span class='ocrx_word' id='word_1_157' title='bbox 681 2308 840 2388; x_wconf 85' lang='grc' dir='ltr'><strong><em>βήματος,</em></strong></span> <span class='ocrx_word' id='word_1_158' title='bbox 868 2305 1009 2380; x_wconf 85' lang='grc' dir='ltr'><strong><em>δούλους</em></strong></span> <span class='ocrx_word' id='word_1_159' title='bbox 1031 2304 1086 2370; x_wconf 81' lang='grc' dir='ltr'><strong><em>καλ</em></strong></span> <span class='ocrx_word' id='word_1_160' title='bbox 1109 2305 1144 2370; x_wconf 81' lang='grc' dir='ltr'><strong><em>ἐκ</em></strong></span> 
     </span>
     <span class='ocr_line' id='line_1_21' title="bbox 143 2406 1144 2495; baseline -0.002 -19"><span class='ocrx_word' id='word_1_161' title='bbox 143 2412 275 2476; x_wconf 87' lang='grc' dir='ltr'><strong><em>δούλων</em></strong></span> <span class='ocrx_word' id='word_1_162' title='bbox 293 2415 403 2474; x_wconf 83' lang='grc' dir='ltr'><strong><em>καλῶν</em></strong></span> <span class='ocrx_word' id='word_1_163' title='bbox 422 2406 541 2474; x_wconf 85' lang='grc' dir='ltr'><strong><em>ἑαυτοῦ</em></strong></span> <span class='ocrx_word' id='word_1_164' title='bbox 559 2413 707 2492; x_wconf 85' lang='grc' dir='ltr'><strong><em>βελτίους</em></strong></span> <span class='ocrx_word' id='word_1_165' title='bbox 724 2408 779 2473; x_wconf 85' lang='grc' dir='ltr'><strong><em>καλ</em></strong></span> <span class='ocrx_word' id='word_1_166' title='bbox 797 2408 833 2473; x_wconf 87' lang='grc' dir='ltr'><strong><em>έκ</em></strong></span> <span class='ocrx_word' id='word_1_167' title='bbox 851 2412 1041 2493; x_wconf 89' lang='grc' dir='ltr'><strong><em>βελτιόνων,</em></strong></span> <span class='ocrx_word' id='word_1_168' title='bbox 1065 2409 1144 2495; x_wconf 80' lang='grc' dir='ltr'><strong><em>ἐρω-</em></strong></span> 
     </span>
     <span class='ocr_line' id='line_1_22' title="bbox 143 2511 1140 2601; baseline -0.002 -21"><span class='ocrx_word' id='word_1_169' title='bbox 143 2526 209 2580; x_wconf 82' lang='grc' dir='ltr'><strong><em>τῶν</em></strong></span> <span class='ocrx_word' id='word_1_170' title='bbox 228 2517 259 2579; x_wconf 91' lang='grc' dir='ltr'><strong><em>εί</em></strong></span> <span class='ocrx_word' id='word_1_171' title='bbox 276 2515 380 2598; x_wconf 87' lang='grc' dir='ltr'><strong><em>μάτην</em></strong></span> <span class='ocrx_word' id='word_1_172' title='bbox 398 2517 435 2580; x_wconf 89' lang='grc' dir='ltr'><strong><em>τὸ</em></strong></span> <span class='ocrx_word' id='word_1_173' title='bbox 455 2516 677 2598; x_wconf 81' lang='grc' dir='ltr'><strong><em>δεσμωτήριον</em></strong></span> <span class='ocrx_word' id='word_1_174' title='bbox 696 2512 903 2601; x_wconf 75' lang='grc' dir='ltr'><strong><em>ᾠκοδομήθη.</em></strong></span> <span class='ocrx_word' id='word_1_175' title='bbox 940 2515 1023 2578; x_wconf 86' lang='grc' dir='ltr'><strong><em>ἀλλα</em></strong></span> <span class='ocrx_word' id='word_1_176' title='bbox 1042 2511 1073 2578; x_wconf 85' lang='grc' dir='ltr'><strong><em>δ’</em></strong></span> <span class='ocrx_word' id='word_1_177' title='bbox 1091 2512 1140 2579; x_wconf 84' lang='grc' dir='ltr'><strong><em>ὅσ’</em></strong></span> 
     </span>
     <span class='ocr_line' id='line_1_23' title="bbox 143 2616 1146 2706; baseline -0.002 -20"><span class='ocrx_word' id='word_1_178' title='bbox 143 2622 295 2706; x_wconf 83' lang='grc' dir='ltr'><strong><em>ὕβρικεν,</em></strong></span> <span class='ocrx_word' id='word_1_179' title='bbox 318 2616 389 2685; x_wconf 89' lang='grc' dir='ltr'><strong><em>οὐδ’</em></strong></span> <span class='ocrx_word' id='word_1_180' title='bbox 417 2619 458 2684; x_wconf 85' lang='grc' dir='ltr'><strong><em>ἀν</em></strong></span> <span class='ocrx_word' id='word_1_181' title='bbox 486 2621 554 2702; x_wconf 81' lang='grc' dir='ltr'><strong><em>ἔχοι</em></strong></span> <span class='ocrx_word' id='word_1_182' title='bbox 576 2643 626 2695; x_wconf 93' lang='grc' dir='ltr'><strong><em>τις</em></strong></span> <span class='ocrx_word' id='word_1_183' title='bbox 647 2621 765 2684; x_wconf 77' lang='grc' dir='ltr'><strong><em>είπετν·</em></strong></span> <span class='ocrx_word' id='word_1_184' title='bbox 796 2629 937 2684; x_wconf 89' lang='grc' dir='ltr'><strong><em>τοσαῦτα</em></strong></span> <span class='ocrx_word' id='word_1_185' title='bbox 958 2621 995 2684; x_wconf 87' lang='grc' dir='ltr'><strong><em>τὸ</em></strong></span> <span class='ocrx_word' id='word_1_186' title='bbox 1018 2622 1146 2703; x_wconf 81' lang='grc' dir='ltr'><strong><em>πληθύς</em></strong></span> 
     </span>
     <span class='ocr_line' id='line_1_24' title="bbox 144 2721 1145 2810; baseline -0.001 -20"><span class='ocrx_word' id='word_1_187' title='bbox 144 2725 242 2791; x_wconf 82' lang='grc' dir='ltr'><strong><em>ἐστιν.</em></strong></span> <span class='ocrx_word' id='word_1_188' title='bbox 265 2721 311 2791; x_wconf 82' lang='grc' dir='ltr'><strong><em>ὧν</em></strong></span> <span class='ocrx_word' id='word_1_189' title='bbox 330 2724 465 2810; x_wconf 86' lang='grc' dir='ltr'><strong><em>ἀθρόων</em></strong></span> <span class='ocrx_word' id='word_1_190' title='bbox 484 2724 576 2802; x_wconf 81' lang='grc' dir='ltr'><strong><em>ἀξιον</em></strong></span> <span class='ocrx_word' id='word_1_191' title='bbox 595 2728 756 2809; x_wconf 88' lang='grc' dir='ltr'><strong><em>λαβόντας</em></strong></span> <span class='ocrx_word' id='word_1_192' title='bbox 773 2726 868 2809; x_wconf 90' lang='grc' dir='ltr'><strong><em>δίκην</em></strong></span> <span class='ocrx_word' id='word_1_193' title='bbox 886 2729 1028 2810; x_wconf 91' lang='grc' dir='ltr'><strong><em>τήμερον</em></strong></span> <span class='ocrx_word' id='word_1_194' title='bbox 1042 2726 1145 2810; x_wconf 87' lang='grc' dir='ltr'><strong><em>παρά-</em></strong></span> 
     </span>
     <span class='ocr_line' id='line_1_25' title="bbox 144 2825 1042 2918; baseline -0.002 -22"><span class='ocrx_word' id='word_1_195' title='bbox 144 2833 261 2915; x_wconf 88' lang='grc' dir='ltr'><strong><em>δειγμα</em></strong></span> <span class='ocrx_word' id='word_1_196' title='bbox 282 2839 416 2914; x_wconf 83' lang='grc' dir='ltr'><strong><em>ποιῆσαι</em></strong></span> <span class='ocrx_word' id='word_1_197' title='bbox 437 2841 513 2918; x_wconf 74' lang='grc' dir='ltr'><strong><em>τοῖς</em></strong></span> <span class='ocrx_word' id='word_1_198' title='bbox 528 2831 654 2913; x_wconf 86' lang='grc' dir='ltr'><strong><em>ἀλλοις,</em></strong></span> <span class='ocrx_word' id='word_1_199' title='bbox 676 2827 719 2895; x_wconf 83' lang='grc' dir='ltr'><strong><em>ἵν’</em></strong></span> <span class='ocrx_word' id='word_1_200' title='bbox 743 2825 803 2894; x_wconf 81' lang='grc' dir='ltr'><strong><em>ὦσι</em></strong></span> <span class='ocrx_word' id='word_1_201' title='bbox 826 2831 1042 2915; x_wconf 84' lang='grc' dir='ltr'><strong><em>μετριώτεροι.</em></strong></span> 
     </span>
    </p>
   </div>
   <div class='ocr_carea' id='block_1_3' title="bbox 144 3021 1145 3309">
    <p class='ocr_par' dir='ltr' id='par_1_3' title="bbox 144 3021 1145 3309">
     <span class='ocr_line' id='line_1_26' title="bbox 144 3021 1145 3108; baseline 0.001 -20"><span class='ocrx_word' id='word_1_202' title='bbox 144 3023 214 3089; x_wconf 89' lang='lat' dir='ltr'><strong><em>XV.</em></strong></span> <span class='ocrx_word' id='word_1_203' title='bbox 245 3023 295 3088; x_wconf 84' lang='lat' dir='ltr'><strong><em>De</em></strong></span> <span class='ocrx_word' id='word_1_204' title='bbox 319 3023 459 3107; x_wconf 83' lang='lat' dir='ltr'>quinque</span> <span class='ocrx_word' id='word_1_205' title='bbox 482 3021 730 3088; x_wconf 71' lang='lat' dir='ltr'><strong>Atheniensium</strong></span> <span class='ocrx_word' id='word_1_206' title='bbox 751 3022 888 3108; x_wconf 78' lang='lat' dir='ltr'><strong>iudiciis,</strong></span> <span class='ocrx_word' id='word_1_207' title='bbox 909 3023 945 3087; x_wconf 88' lang='lat' dir='ltr'><strong><em>in</em></strong></span> <span class='ocrx_word' id='word_1_208' title='bbox 967 3023 1084 3107; x_wconf 83' lang='lat' dir='ltr'>quibus</span> <span class='ocrx_word' id='word_1_209' title='bbox 1107 3024 1145 3089; x_wconf 87' lang='lat' dir='ltr'><strong><em>de</em></strong></span> 
     </span>
     <span class='ocr_line' id='line_1_27' title="bbox 484 3118 796 3204; baseline 0.003 -22"><span class='ocrx_word' id='word_1_210' title='bbox 484 3118 658 3183; x_wconf 84' lang='lat' dir='ltr'>homicidio</span> <span class='ocrx_word' id='word_1_211' title='bbox 681 3119 796 3204; x_wconf 74' lang='lat' dir='ltr'>agitur.</span> 
     </span>
     <span class='ocr_line' id='line_1_28' title="bbox 443 3237 849 3309; baseline 0.01 -19"><span class='ocrx_word' id='word_1_212' title='bbox 443 3238 597 3309; x_wconf 77' lang='lat' dir='ltr'><strong>(Demosth.</strong></span> <span class='ocrx_word' id='word_1_213' title='bbox 617 3237 707 3291; x_wconf 88' lang='grc' dir='ltr'>ΧΧΠΙ</span> <span class='ocrx_word' id='word_1_214' title='bbox 725 3242 849 3305; x_wconf 75' lang='grc'>66-79.)</span> 
     </span>
    </p>
   </div>
   <div class='ocr_carea' id='block_1_4' title="bbox 141 3348 1179 3657">
    <p class='ocr_par' dir='ltr' id='par_1_4' title="bbox 141 3348 1179 3657">
     <span class='ocr_line' id='line_1_29' title="bbox 211 3348 1179 3442; baseline -0.001 -19"><span class='ocrx_word' id='word_1_215' title='bbox 211 3358 326 3423; x_wconf 85' lang='grc' dir='ltr'><strong><em>Πολλά</em></strong></span> <span class='ocrx_word' id='word_1_216' title='bbox 349 3352 409 3440; x_wconf 72' lang='grc' dir='ltr'><strong><em>μέν</em></strong></span> <span class='ocrx_word' id='word_1_217' title='bbox 433 3357 474 3438; x_wconf 88' lang='grc' dir='ltr'><strong><em>δή</em></strong></span> <span class='ocrx_word' id='word_1_218' title='bbox 497 3348 572 3440; x_wconf 88' lang='grc' dir='ltr'><strong><em>παρ’</em></strong></span> <span class='ocrx_word' id='word_1_219' title='bbox 593 3355 673 3438; x_wconf 80' lang='grc' dir='ltr'><strong><em>ἠμῖν</em></strong></span> <span class='ocrx_word' id='word_1_220' title='bbox 696 3354 765 3419; x_wconf 80' lang='grc' dir='ltr'><strong><em>ἐστι</em></strong></span> <span class='ocrx_word' id='word_1_221' title='bbox 787 3354 917 3421; x_wconf 84' lang='grc' dir='ltr'><strong><em>τοιαῦθ’</em></strong></span> <span class='ocrx_word' id='word_1_222' title='bbox 938 3349 984 3422; x_wconf 78' lang='grc' dir='ltr'><strong><em>οἷ’</em></strong></span> <span class='ocrx_word' id='word_1_223' title='bbox 1001 3357 1060 3442; x_wconf 83' lang='grc' dir='ltr'><strong><em>οὐχ</em></strong></span> <span class='ocrx_word' id='word_1_224' title='bbox 1080 3355 1145 3422; x_wconf 85' lang='grc' dir='ltr'><strong><em>έτί-</em></strong></span> <span class='ocrx_word' id='word_1_225' title='bbox 1166 3375 1179 3422; x_wconf 89' lang='grc'>1</span> 
     </span>
     <span class='ocr_line' id='line_1_30' title="bbox 145 3459 1145 3546; baseline 0.002 -20"><span class='ocrx_word' id='word_1_226' title='bbox 145 3469 248 3546; x_wconf 86' lang='grc' dir='ltr'><strong><em>ρωθι,</em></strong></span> <span class='ocrx_word' id='word_1_227' title='bbox 273 3464 310 3527; x_wconf 77' lang='grc' dir='ltr'><strong><em>ἓν</em></strong></span> <span class='ocrx_word' id='word_1_228' title='bbox 333 3460 363 3527; x_wconf 87' lang='grc' dir='ltr'><strong><em>δ’</em></strong></span> <span class='ocrx_word' id='word_1_229' title='bbox 389 3462 561 3526; x_wconf 83' lang='grc' dir='ltr'><strong><em>ἰδιώτατον</em></strong></span> <span class='ocrx_word' id='word_1_230' title='bbox 583 3461 716 3526; x_wconf 88' lang='grc' dir='ltr'><strong><em>πάντων</em></strong></span> <span class='ocrx_word' id='word_1_231' title='bbox 738 3459 792 3526; x_wconf 84' lang='grc' dir='ltr'><strong><em>καὶ</em></strong></span> <span class='ocrx_word' id='word_1_232' title='bbox 815 3466 1026 3546; x_wconf 88' lang='grc' dir='ltr'><strong><em>σεμνότατον,</em></strong></span> <span class='ocrx_word' id='word_1_233' title='bbox 1048 3465 1084 3528; x_wconf 91' lang='grc' dir='ltr'><strong><em>τὸ</em></strong></span> <span class='ocrx_word' id='word_1_234' title='bbox 1109 3462 1145 3527; x_wconf 77' lang='grc' dir='ltr'><strong><em>ἐν</em></strong></span> 
     </span>
     <span class='ocr_line' id='line_1_31' title="bbox 141 3563 1145 3657; baseline -0.003 -23"><span class='ocrx_word' id='word_1_235' title='bbox 141 3565 275 3657; x_wconf 79' lang='grc' dir='ltr'><strong><em>Ἀρείφ</em></strong></span> <span class='ocrx_word' id='word_1_236' title='bbox 306 3569 413 3657; x_wconf 78' lang='grc' dir='ltr'><strong><em>πάγῳ</em></strong></span> <span class='ocrx_word' id='word_1_237' title='bbox 446 3570 674 3650; x_wconf 83' lang='grc' dir='ltr'><strong><em>δικαστήριον,</em></strong></span> <span class='ocrx_word' id='word_1_238' title='bbox 709 3563 790 3650; x_wconf 71' lang='grc' dir='ltr'><strong><em>ὑπὲρ</em></strong></span> <span class='ocrx_word' id='word_1_239' title='bbox 823 3563 863 3631; x_wconf 85' lang='grc' dir='ltr'><strong><em>οὗ</em></strong></span> <span class='ocrx_word' id='word_1_240' title='bbox 894 3565 1022 3632; x_wconf 85' lang='grc' dir='ltr'><strong><em>τοσαῦτ’</em></strong></span> <span class='ocrx_word' id='word_1_241' title='bbox 1056 3570 1145 3632; x_wconf 85' lang='grc' dir='ltr'><strong><em>ἔστιν</em></strong></span> 
     </span>
    </p>
   </div>
   <div class='ocr_carea' id='block_1_5' title="bbox 0 0 1348 3988">
    <p class='ocr_par' dir='ltr' id='par_1_5' title="bbox 0 0 1348 3988">
     <span class='ocr_line' id='line_1_32' title="bbox 0 0 1348 3988; baseline 0 0"><span class='ocrx_word' id='word_1_242' title='bbox 0 0 1348 3988; x_wconf 95' lang='lat' dir='ltr'><strong><em> </em></strong></span> 
     </span>
    </p>
   </div>
  </div>
 </body>
</html>
