2670 3988
458 217 532 268 xm.
552 214 838 287 [ουυουοεαειεη
1103 219 1146 281 49

145 367 215 422 feeit
234 367 324 424 denuo
342 370 459 424 metelle
476 387 495 425 e
511 387 542 426 re
559 371 674 441 publice
691 371 827 426 redimere
847 374 960 426 coactus
979 371 1010 426 in
1024 389 1146 427 summes

145 439 281 508 pecuniae
305 442 451 510 angustiae
468 446 591 497 venerat.
616 475 648 482 —
672 440 702 497 οί
718 443 871 512 τριακόσιοι
894 449 909 508 ἓ
929 450 942 498 1
968 443 1013 504 (ef.
1034 450 1096 508 §17
1120 441 1150 498 οί

146 508 389 578 προεισφέροντες)
408 515 473 565 eunt
487 511 560 566 cives
575 511 744 581 divitissimi,
764 515 812 581 qui
826 511 948 566 maxima
961 512 1002 567 rei
1017 512 1147 582 publicae

147 595 232 634 onere
250 580 386 636 ferebant.
412 583 450 634 ed
467 587 482 647 β
498 589 529 636 13
548 583 701 637 notandum
718 585 762 637 eet
776 599 916 638 emonem
928 582 1015 652 triplo
1030 599 1062 638 eo
1077 586 1146 638 tem-

146 666 213 718 pore
232 649 367 704 oeriorem
384 651 480 708 fuisse.

218 797 285 858 Τοῦ
307 806 576 877 μεταγειτνιῶνος
598 798 710 879 μηνός,
734 791 760 860 ὦ
782 797 901 881 ἄνδρες
924 796 1084 879 δικασταί,
1107 805 1146 881 τῇ
1168 816 1180 862 1

147 895 284 985 δευτέρᾳ
316 899 491 983 ἱσταμένου
528 899 662 966 ἐποίουν
696 902 731 966 οί
760 898 935 986 στρατηγοὶ
962 912 1031 976 τοῖς
1059 925 1147 986 τρια-

146 1007 271 1080 κοσίοις
296 1005 353 1080 τὰς
379 1004 570 1082 ἀντιδόσεις.
616 1005 652 1070 έν
674 1007 805 1082 ταύταις
827 1005 964 1071 ἐκάλεσα
985 1007 1066 1071 κατά
1089 1009 1147 1072 τὸν
1165 1030 1168 1036 ·

146 1111 252 1192 νόμον
272 1113 460 1176 Φαίνιππον
483 1115 623 1178 τουτονί.
655 1110 793 1188 καλέσας
815 1107 852 1176 δὲ
875 1109 930 1178 καί
947 1113 1147 1197 παραλαβὼν

146 1225 213 1278 τῶν
241 1216 372 1279 οίκείων
398 1216 492 1292 τινὰς
513 1213 568 1280 καὶ
590 1220 698 1300 φίλων
721 1216 926 1300 ἐπορευόμην
948 1213 1142 1301 Κύθηρόνδ

147 1320 194 1394 είς
216 1319 276 1402 την
299 1318 452 1404 ἐσχατιάν
474 1320 586 1386 αὐτοῦ.
625 1320 679 1385 καὶ
702 1332 833 1404 πρῶτον
854 1318 916 1406 μὲν
938 1323 1147 1404 περιαγαγὼν

145 1424 207 1507 την
240 1423 390 1508 ἐσχατιάν
421 1424 522 1490 πλέον
550 1425 570 1510 ἢ
601 1428 743 1491 σταδίων
775 1421 879 1491 οὖσαν
911 1427 1147 1511 τετταράκοντα

146 1531 256 1617 κύκλῳ
279 1529 386 1608 ἔδειξα
407 1527 462 1594 καί
484 1531 748 1615 διεμαρτυράμην
771 1530 922 1596 ἐναντίον
944 1533 1146 1614 Φαινίππου,

147 1634 198 1699 ὅτι
221 1633 331 1711 οὐδεὶς
354 1634 431 1720 ὅρος
452 1637 582 1700 ἔπεστιν
606 1634 658 1701 ἐπὶ
681 1644 719 1720 τῇ
742 1635 890 1722 ἐσχατιᾷ·
919 1637 951 1700 εί
973 1635 1013 1701 δέ
1032 1653 1146 1720 φησιν,

147 1741 252 1805 εἰπεῖν
280 1738 430 1806 ἐκέλευον
453 1740 554 1806 αύτὸν
575 1742 639 1824 ἤδη
661 1739 715 1806 καὶ
739 1740 854 1823 δείξαι,
877 1739 964 1818 ὅπως
986 1742 1029 1824 μη
1052 1740 1145 1805 ύστε-

148 1868 209 1927 ρον
237 1844 382 1910 ἐνταῦθα
408 1843 511 1931 χρέως
536 1848 717 1929 γενόμενον
739 1844 991 1930 ἀναφανήσεται.
1037 1848 1179 1918 ἔπεισας

147 1953 427 2035 παρεσημηνάμην
448 1952 489 2016 τά
511 1953 686 2035 οίκηματα,
707 1950 761 2016 καὶ
784 1961 903 2016 τοῦτον
927 1949 1077 2016 ἐκέλευον
1100 1953 1147 2027 είς

147 2054 232 2138 τάμὰ
258 2058 431 2140 βαδίζειν,
457 2057 536 2141 μετὰ
563 2052 599 2121 δέ
626 2053 716 2121 ταῦτ’
738 2057 882 2141 ἠρόμην,
909 2055 992 2120 ὅπου
1016 2056 1034 2121 ὁ
1058 2067 1146 2132 σῖτος
1247 2043 1255 2058 “

147 2165 197 2244 είη
221 2161 239 2226 ὁ
262 2159 499 2245 ἀπηλοημένος·
529 2157 613 2243 ἦσαν
640 2163 702 2246 γὰρ
729 2162 770 2244 νὴ
793 2164 871 2236 τοὺς
890 2163 992 2237 θεοὺς
1014 2159 1068 2225 καὶ
1091 2162 1147 2236 τὰς

147 2266 239 2349 θεάς,
262 2267 379 2351 ἀνδρες
402 2269 566 2350 δικασταί,
592 2265 647 2332 δύ’
669 2269 755 2344 άλως
777 2267 907 2349 αὐτόθι,
929 2277 1048 2351 μικροῦ
1071 2264 1146 2330 πλέ-

147 2376 235 2455 θρου
259 2369 402 2456 ἑκατέρα.
438 2373 456 2438 ὁ
480 2367 510 2436 δ’
533 2370 726 2457 ἀπεκρίνατό
749 2396 817 2456 μοι,
840 2372 890 2436 ὅτι
909 2372 927 2437 ὁ
946 2367 1006 2455 μὲν
1025 2392 1145 2456 πεπρα-

148 2474 245 2560 μένος
271 2482 321 2559 είη
348 2487 407 2542 τοῦ
435 2481 543 2559 σίτου,
571 2476 588 2540 ὁ
615 2473 644 2541 δ’
667 2478 766 2542 ἐνδον
788 2476 1010 2561 ἀποκείμενος.
1055 2474 1179 2554 τέλοςς

148 2579 194 2664 δ,
223 2582 279 2646 ἵνα
305 2583 348 2665 μὴ
378 2587 586 2665 μακρολογῶ,
615 2583 815 2664 καταστήσας
841 2582 1019 2665 φυλάττειν
1047 2584 1145 2648 ἔνδον

147 2687 238 2763 τινὰς
260 2683 314 2750 καὶ
336 2687 378 2770 νη
397 2685 455 2752 Δί’
477 2686 624 2751 ἀπειπὼν
649 2684 703 2750 καί
725 2687 875 2762 κωλύσας
891 2689 969 2762 τοὺς
986 2686 1146 2769 ὀνηλάτας

147 2793 191 2874 μὴ
220 2790 346 2874 ἐξάγειν
373 2794 433 2875 τὴν
459 2792 544 2875 ύλην
571 2790 606 2856 ἐκ
633 2800 689 2874 τῆς
715 2789 864 2875 ἐσχατιᾶς
895 2788 991 2877 (πρὸς
1018 2792 1079 2875 γὰρ
1106 2800 1145 2876 τῇ

147 2897 230 2980 άλλη
260 2895 356 2982 οὐσίᾳ
384 2905 422 2980 τῇ
454 2898 660 2977 Φαινίππου,
692 2891 718 2960 ὦ
747 2897 865 2978 ἀνδρες
895 2897 1060 2977 δικασταί,
1092 2892 1145 2960 καὶ

147 2999 228 3083 αὕτη
256 3002 419 3083 πρόσοδος
445 3000 567 3083 μεγάλη
596 2997 685 3064 ἐστὶν
712 2999 814 3085 αὐτῷ·
846 2998 879 3077 ἓξ
908 3002 980 3065 ὄνοι
1009 2999 1052 3065 δι’
1080 3000 1145 3065 ἐνι-

147 3115 248 3170 αυτοῦ
275 3104 500 3187 ὑλαγωγοῦσι,
526 3102 580 3169 καὶ
608 3105 766 3188 λαμβάνει
793 3100 889 3180 οὗτος
916 3103 1017 3170 πλέον
1039 3105 1059 3188 ἢ
1082 3106 1145 3170 δάι-

147 3212 225 3276 δεκα
257 3211 401 3294 δραχμάς
431 3219 487 3292 τῆς
518 3207 652 3294 ἡμέρας)
684 3211 811 3286 τούτοις
843 3208 1005 3294 ἀπειπών,
1036 3211 1144 3296 ὥσπερ

145 3313 246 3398 λέγω,
273 3324 330 3397 τῆς
354 3315 435 3397 ύλης
462 3315 505 3399 μὴ
533 3316 693 3380 ἅπτεσθαι
723 3313 777 3380 καὶ
806 3313 997 3398 ἐπαγγείλας
1025 3313 1078 3381 ἐπὶ
1105 3317 1145 3380 τά

13 3478 15 3484 ,
146 3422 217 3506 ίερδ
250 3423 426 3508 Φαινίππῳ
461 3421 542 3485 κατὰ
578 3422 636 3485 τὸν
671 3422 775 3504 νόμον
812 3419 977 3504 ἀπαντᾶν,
1013 3418 1145 3508 ᾠχόμην

144 3525 252 3590 ἀπιὼν
274 3528 321 3602 είς
342 3527 433 3591 ἀστυ.
478 3536 609 3609 πρῶτον
632 3521 692 3609 μὲν
715 3519 776 3590 οὖν
798 3536 864 3590 τῶν
888 3525 1067 3611 είρημένων
1090 3533 1180 3608 τάςι
