2670 3988
188 229 230 294 56
514 233 585 285 XIV.
604 231 864 285 ΔΗΜΟΣΘΕΝΗΣ.

188 414 250 474 κην
278 392 458 474 λαμβάνειν
487 391 524 478 ἐᾷ
548 393 587 456 τὰ
610 391 821 477 πεπραγμένα
844 389 898 456 καί
920 389 1121 476 βεβιωμένα,
1148 395 1191 474 μη

154 511 171 560 8
190 500 225 561 τί
244 494 274 580 γ’
297 493 380 580 ὑπὲρ
403 506 459 580 τῆς
481 501 621 576 πόλεως;
644 500 749 563 καίτοι
768 502 802 560 εἰ
815 520 864 574 τις
882 494 980 582 ἔροιτ’
1001 497 1114 579 αὐτόν,
1137 497 1194 573 τάς

188 603 346 687 εἰσφοράς
367 606 508 688 πότερον
530 605 569 668 τά
591 601 724 686 κτήματ’
746 602 766 686 ἢ
789 603 830 667 τά
852 601 972 686 σώματ’
996 603 1132 687 ὀφείλει,
1153 603 1193 667 τὰ

188 710 333 792 κτήματα
351 712 488 793 φήσειεν
505 710 560 791 ἀν,
577 715 667 792 εἰπερ
686 707 795 792 ἀληθῆ
815 707 922 791 λέγειν
940 710 1107 792 βούλοιτο·
1129 706 1193 773 ἀπὸ

189 814 252 898 γάρ
275 815 402 879 τούτων
422 812 630 898 εἰσφέρομεν.
675 818 764 890 τίνος
786 809 849 879 οὖν
872 811 955 879 ἕνεκ’
977 812 1072 898 ἀφεὶς
1094 816 1130 879 τὸ
1154 815 1193 878 τδι

188 922 292 1004 χωρία
321 921 478 1003 δημεύειν
504 918 558 985 καὶ
585 920 641 996 τὰς
668 922 774 996 οἰκίας
799 917 854 984 καὶ
878 914 967 985 ταῦτ’
989 919 1194 1003 ἀπογράφειν

190 1025 275 1101 ἔδεις
301 1022 355 1090 καὶ
379 1025 512 1110 Ιὕβριζες
533 1030 667 1102 πολίτας
689 1024 888 1110 ἀνθρώπους
909 1023 962 1090 καὶ
986 1028 1064 1101 τοὺς
1084 1029 1194 1089 ταλαι-

190 1132 322 1214 πώρους
344 1135 525 1214 μετοίκους,
550 1122 601 1207 οἷς
622 1131 898 1214 ὑβριστικώτερον
920 1131 941 1214 ἢ
963 1142 1033 1207 τοίς
1056 1129 1195 1206 οἰκέταις

156 1248 176 1297 θ’
190 1247 259 1312 τοῖς
286 1247 409 1302 σαυτοῦ
436 1235 605 1321 κέχρησαι;
633 1233 688 1300 καὶ
716 1237 782 1320 μὴν
809 1239 840 1301 εἰ
860 1235 974 1302 θέλετε
997 1234 1194 1319 σκέψασθαι,

190 1344 226 1405 τί
244 1341 367 1407 δοῦλον
390 1341 410 1426 ἢ
434 1341 612 1426 ἐλεύθερον
634 1337 719 1406 εἶναι
742 1340 902 1428 διαφέρει,
925 1352 1021 1408 τοῦτο
1040 1340 1195 1425 μέγιστον

191 1444 233 1510 ἀν
256 1445 393 1531 εὕροιτε,
416 1447 466 1512 ὅτι
488 1458 558 1523 τοῖς
579 1443 640 1530 μὲν
664 1448 796 1523 δούλοις
818 1450 855 1514 τὸ
878 1458 1059 1532 σώματων
1082 1445 1195 1529 ἀδικη-

191 1551 303 1635 μάτων
329 1550 483 1618 ἁπάντων
510 1552 704 1617 ὑπεύθυνόν
732 1552 815 1636 ἐστι,
843 1565 912 1630 τοῖς
939 1551 969 1617 δ’
995 1552 1195 1636 ἐλευθέροις,

191 1655 253 1721 κάν
279 1658 319 1721 τὰ
346 1651 470 1739 μέγιστ’
496 1656 676 1742 ἀτυχῶσιν,
698 1660 795 1723 τοῦτό
817 1654 848 1740 γ’
871 1660 977 1722 ἔνεστι
1000 1668 1116 1722 σώσαι·
1148 1659 1196 1734 εἰς

192 1764 340 1846 χρήματα
362 1763 426 1847 γάρ
448 1763 509 1846 την
533 1764 630 1847 δίκην
652 1761 728 1848 περὶ
751 1775 817 1828 τών
835 1766 998 1828 πλείστων
1014 1763 1102 1848 παρά
1119 1764 1194 1828 τού-

191 1890 258 1932 των
280 1869 439 1952 προσήκει
460 1869 651 1952 λαμβάνειν.
687 1869 706 1934 ὁ
729 1866 766 1934 δέ
788 1869 983 1934 τούναντίον
1006 1871 1053 1945 εἰς
1074 1868 1114 1933 τά
1132 1869 1195 1932 σώ-

192 1996 292 2056 ματα,
326 1974 435 2059 ὥσπερ
467 1974 705 2061 ἀνδραπόδοις,
737 1973 910 2058 ἐποιήσατο
942 1975 999 2051 τὰς
1029 1977 1195 2058 τιμωρίας.

142 2089 174 2138 10
192 2078 278 2144 οὕτω
314 2077 345 2144 δ’
378 2079 501 2158 ἀνίσως
531 2078 586 2146 καὶ
617 2085 853 2155 πλεονεκτικῶς
883 2082 956 2165 ἔσχε
988 2081 1070 2164 πρὸς
1100 2079 1196 2162 ὑμᾶς,

192 2185 274 2249 ὥστε
302 2181 448 2268 τὸνμὲν
476 2183 595 2251 ἑαυτοῦ
621 2182 734 2270 πατέρ’
759 2183 840 2272 ,ώετο
863 2186 952 2268 δεῖν,
980 2187 1121 2272 δημοσίᾳ
1144 2186 1181 2249 δε

192 2284 285 2355 θέντ’
307 2287 360 2355 ἰπί
382 2294 545 2375 χρήμασιν
568 2289 605 2356 ἰν
623 2300 668 2378 τῷ
689 2293 912 2378 δεσμωτηρίῳ,
935 2288 1006 2374 μήτ’
1030 2290 1196 2355 ἀποδόντα

193 2406 295 2461 ταῦτα
313 2398 392 2479 μήτε
411 2393 555 2480 κριθέντ’
577 2395 773 2480 ἀποδρᾶναι,
791 2406 859 2460 τῶν
877 2390 907 2460 δ’
924 2397 1035 2460 ἄλλων
1052 2402 1196 2462 πολιτῶν

192 2504 251 2567 τὸν
283 2502 327 2585 μὴ
357 2501 544 2584 δυνάμενον
572 2502 612 2566 τὰ
640 2499 759 2567 ἑαυτοῦ
784 2507 896 2566 θεῖναι
924 2506 1059 2566 οἴκοθεν
1086 2502 1134 2578 εἰς
1158 2503 1196 2566 τὸ

193 2608 419 2691 δεσμωτήριον
442 2605 604 2671 ἕλκεσθαι.

142 2722 173 2771 11
250 2710 322 2777 Ὀτι
349 2715 464 2777 τοίνυν
491 2712 575 2788 ὅλως
602 2708 680 2778 οὐδὲ
707 2712 768 2795 την
796 2708 965 2796 εἴσπραξιν
987 2709 1092 2793 αὐτὴν
1113 2705 1196 2796 ὑπὲρ

193 2819 287 2902 ὑμῶν
309 2820 492 2910 πεποίηται,
514 2815 568 2880 καὶ
586 2813 674 2881 τοῦτ’
696 2816 812 2881 αὐτίκα
831 2816 873 2899 δὴ
891 2815 978 2898 μάλα
996 2816 1099 2897 δῆλον
1116 2815 1197 2898 ὑμῖν

193 2928 329 3008 ποιήσω.
362 2925 393 2987 εἰ
409 2922 471 3007 γάρ
490 2945 539 2997 τις
556 2919 653 3002 ἔροιτ’
672 2921 784 3004 αὐτόν,
803 2918 912 3006 πότερ’
930 2921 1018 3007 αὐτῷ
1040 2921 1197 2985 δοκοῦσιν

194 3031 321 3097 ἀδικεῖν
348 3031 474 3112 μᾶλλον
500 3026 561 3108 τὴν
587 3029 685 3091 πόλιν
708 3027 743 3104 οἰ
763 3035 986 3111 γεωργοῦντες
1007 3022 1061 3089 καὶ
1084 3025 1197 3108 φειδό-

194 3159 305 3221 μενοι,
333 3133 389 3198 διά
412 3132 650 3216 παιδοτροφίας
673 3126 710 3196 δέ
732 3128 787 3196 καὶ
810 3125 902 3196 οἰκεῖ’
925 3128 1120 3213 ἀναλώματα
1142 3127 1198 3195 καλ

196 3242 402 3324 λειτουργίας
419 3234 530 3323 ἑτέρας
551 3235 773 3312 ἐλλελοιπότες
791 3236 963 3320 εἰσφοράν,
986 3235 1007 3318 ἢ
1025 3235 1060 3300 οί
1074 3236 1115 3300 τά
1132 3245 1198 3300 τών

195 3344 427 3428 ἐθελησάντων
459 3345 658 3424 εἰσενεγκεῖν
687 3343 835 3426 χρήματα
864 3338 919 3405 καὶ
946 3341 987 3405 τά
1015 3340 1103 3424 παρὰ
1131 3349 1198 3405 τών

196 3451 375 3534 συμμάχων
394 3446 587 3524 κλέπτοντες
604 3445 659 3512 καὶ
678 3446 890 3531 ἀπολλύντες,
908 3434 968 3512 οὐκ
985 3445 1027 3511 ἀν
1041 3447 1088 3522 εἰς
1100 3456 1197 3512 τοῦτο

196 3556 303 3637 δήπου
326 3556 462 3636 τόλμης,
484 3555 599 3636 καίπερ
623 3552 671 3617 ὢν
694 3550 841 3634 ἀναιδής,
862 3554 969 3636 ἔλθοι,
992 3552 1073 3616 ώστε
1096 3559 1198 3636 φῆσαι
