2670 3988
170 228 213 292 34
494 231 541 282 1x.
561 228 847 302 [ΛΗΜοΣοοαΗΣη

169 385 219 452 ὅσ’
243 382 286 471 ἣν
312 389 351 452 τά
378 387 454 453 καθ’
475 387 600 474 ἡμέραν
626 386 767 474 ἑκάστην
791 387 1020 475 ἀναλισκόμεν’
1042 392 1090 467 είς
1112 392 1173 475 τὴν

168 501 268 577 ναῦν,
296 492 357 559 οὐκ
381 493 522 579 ἀπείρως
545 497 643 580 ἔχων·
680 495 735 560 διδ
758 495 820 580 γάρ
843 494 972 562 ἐκείνου
995 517 1170 580 πεντηκον-

133 606 366 684 3ταρχοῦντος
397 598 451 665 καὶ
482 597 660 685 ἠγοράζετο
690 599 745 666 καὶ
774 600 977 685 ἀνηλίσκετο.
1030 599 1173 677 ἀκούσας

170 701 202 768 δ’
230 699 328 780 οὑτος
356 713 457 769 ταῦτα
486 714 546 770 τοῦ
575 703 602 769 τ’
632 704 843 788 Εὐκτήμονος
870 704 925 771 καὶ
951 716 1011 772 τοῦ
1034 710 1172 771 Δεινίου

169 817 229 874 τοῦ
261 811 420 894 κηδεστοῦ
451 819 511 876 τοῦ
541 809 638 895 ἐμοῦ,
669 809 744 894 περὶ
774 807 835 895 μέν
864 805 911 877 ὧν
941 815 1055 895 ἔλεγον
1084 812 1172 898 αὐτῷ

170 910 269 980 οὐδὲν
292 915 402 992 αὐτοῖς
424 914 646 1000 ἀποκρίνεται,
667 917 849 1000 γελάσαντα
871 914 902 982 δ’
924 921 1050 1003 ἔφασαν
1071 917 1173 983 αὐτὸν

170 1021 274 1086 εἰπεῖν
302 1020 391 1106 εἀρτι
419 1030 482 1104 μῦς
508 1025 620 1106 πίττης
647 1022 788 1104 γεύεται·
817 1020 970 1106 ἐβούλετο
992 1024 1055 1108 γὰρ
1075 1017 1172 1107 Ἀθη-

169 1137 263 1202 ναῖος
284 1122 390 1191 εἶναι’

135 1247 152 1295 4
232 1229 289 1296 Ἐκ
306 1235 439 1296 πολλῶν
456 1234 572 1297 τοίνυν
590 1235 774 1317 τεκμηρίων
792 1228 882 1316 οἶμαι
900 1232 980 1317 ὑμῖν
999 1231 1172 1310 ἐπιδείξειν

169 1336 359 1421 Πολυκλέα,
387 1337 438 1402 ὅτι
461 1334 529 1403 οὔτ’
557 1338 701 1403 αὐτόθεν
725 1339 883 1406 διενοεῖτο
905 1338 1173 1424 παραλαμβάνειν

169 1440 245 1527 παρ’
273 1441 354 1527 ἐμοῦ
382 1444 442 1526 τὴν
464 1453 567 1526 ναῦν,
594 1439 679 1528 οὔτ’,
706 1441 818 1528 ἐπειδὴ
841 1442 899 1528 ὑφ’
920 1445 1013 1528 ὑμῶν
1036 1442 1172 1509 καὶτοῦ

169 1551 378 1632 ψηφίσματος
409 1557 468 1612 τοῦ
499 1547 660 1634 ὑμετέρου
691 1548 885 1632 ἠναγκάσθη
917 1546 979 1613 έπλ
997 1550 1058 1633 τὴν
1087 1558 1172 1614 ναῦν

169 1650 300 1717 ἀπιέναι
307 1701 317 1735 ,
345 1653 455 1718 ἐλθὼν
477 1651 623 1737 ἠθέλησε’
642 1677 699 1738 μοι
722 1653 935 1732 διαδέξασθαι
959 1653 1071 1737 αὑτήν.
1116 1650 1172 1719 οὑ-

169 1781 225 1834 τος
251 1758 313 1843 γάρ
341 1757 453 1842 ἐπειδὴ
480 1755 605 1842 ἀφίκετ’
633 1761 682 1835 είς
706 1760 818 1825 Θάσον
845 1761 908 1844 ἤδη
931 1783 996 1844 μου
1018 1757 1172 1844 τέταρτον

170 1860 246 1948 μῆν’
267 1861 607 1948 ἐπιτριηραρχοῦντος,
624 1865 826 1948 παραλαβὼν
845 1862 908 1947 ἐγὼ
927 1863 1093 1948 μάρτυρας
1106 1876 1172 1930 τών

169 1991 203 2033 τε
226 1973 370 2034 πολιτῶν
393 1969 437 2044 ὡς
459 1965 627 2052 ἐδυνάμην
649 1972 821 2046 πλείστους
842 1958 898 2034 καὶ
920 1971 997 2043 τοὺς
1020 1967 1172 2053 ἐπιβάτας

170 2072 224 2138 καὶ
248 2075 309 2158 τὴν
331 2073 513 2157 ὑπηρεσίαν
535 2072 757 2158 προσέρχομαι
780 2073 867 2161 αὑτςῦ
892 2073 928 2138 ἐν
952 2074 1050 2160 Θάσῳ
1073 2073 1110 2140 έν
1132 2085 1171 2161 τη

171 2178 275 2265 ἀγορᾷ
297 2176 352 2243 καί
374 2177 527 2243 ε’κέλευον
548 2178 650 2245 αὐτὸν
671 2182 731 2264 τήν
749 2203 783 2243 τε
801 2187 886 2244 ναῦν
904 2180 1172 2265 παραλαμβάνειν

169 2281 246 2369 παρ’
273 2282 354 2368 ἐμοῦ
381 2284 425 2360 ὡς
450 2283 607 2369 διάδοχον
630 2285 710 2349 ὄντα
732 2282 868 2349 καὶτοῦ
891 2282 1172 2372 ἐπιτετριηραρχη-

135 2405 152 2454 σ
171 2388 272 2472 μένου
290 2392 414 2474 χρόνου
432 2388 628 2454 ἀποδιδόναι
647 2413 703 2473 μοι
721 2389 945 2473 τάναλώματα.
975 2394 1173 2473 λογίσασθαι

171 2491 202 2558 δ’
224 2496 348 2578 ἤθελον
366 2494 454 2582 αὑτῷ
475 2491 551 2559 καθ’
569 2493 718 2578 ἕκαστον,
740 2494 800 2571 ἕως
818 2518 874 2578 μοι
893 2495 1053 2581 μάρτυρες
1070 2505 1172 2581 παρη-

171 2616 233 2665 σαν
263 2610 329 2664 τῶν
358 2597 580 2682 ἀνηλωμένων
610 2601 646 2664 ολ
671 2622 706 2664 τε
734 2609 853 2665 ναῦται
882 2599 937 2665 καὶ
965 2601 1000 2666 οί
1023 2599 1172 2684 ἐπιβάται

169 2703 225 2769 καὶ
246 2704 268 2789 ἡ
289 2704 460 2789 ὑπηρεσία,
483 2701 526 2769 ἵν’
549 2711 584 2769 εί
596 2728 629 2769 τι
646 2703 822 2787 ἀντιλέγοι,
845 2704 948 2782 εὐθὺς
966 2703 1173 2790 ἐξελέγχοιμι.

171 2810 256 2876 οὑτω
280 2810 342 2895 γάρ
366 2834 421 2893 μοι
444 2809 586 2895 ἀκριβῶς
603 2807 793 2894 ἐγέγραπτο,
815 2808 891 2876 ὥστ’
910 2811 951 2876 οὑ
969 2812 1073 2894 μόνον
1091 2811 1173 2876 αὑτά

171 2939 226 3000 μοι
255 2912 459 2999 τάναλώματ’
490 2912 684 3001 ἐγέγραπτο,
718 2915 800 2980 ἀλλά
831 2914 885 2981 καὶ
913 2915 988 2981 ὅποι
1015 2913 1172 3000 ἀνηλώθη

170 3018 224 3085 καὶ
252 3020 271 3085 ὅ
292 3044 324 3085 τι
351 3023 553 3104 ποιούντων,
579 3019 635 3086 καὶ
661 3021 682 3104 ἡ
709 3022 785 3105 τιμὴ
812 3024 862 3098 τίς
888 3016 932 3105 ην
953 3019 1007 3086 καὶ
1029 3023 1174 3106 νόμισμα

170 3127 333 3209 ποδαπόν,
354 3124 409 3191 καί
432 3127 557 3192 ὁπόσου
575 3124 596 3209 ἡ
615 3128 801 3210 καταλλαγὴ
819 3121 862 3210 ἧν
880 3135 924 3214 τῷ
944 3126 1103 3216 ἀργυρίῳ,
1125 3124 1170 3192 ἵν’

171 3238 221 3316 είη
251 3229 392 3316 ἀκριβῶς
421 3229 581 3313 ἐξελέγξαι
611 3253 650 3314 με
680 3239 725 3318 τῷ
755 3232 916 3320 διαδόχῳ,
945 3237 979 3296 εί
1001 3256 1032 3296 τι
1059 3232 1173 3315 ἡγοῖτο

135 3355 151 3402 ε
169 3338 293 3416 ψεῦδος
314 3336 402 3424 αὑτςῦ
426 3339 624 3419 λογίζεσθαι.
662 3338 710 3400 ἔτι
734 3332 770 3401 δὲ
792 3334 846 3401 καὶ
868 3340 980 3402 πίστιν
998 3334 1085 3424 αὑτβ
1105 3335 1173 3402 ἑπι-

170 3439 243 3517 θεὶς
262 3438 410 3524 ἠθέλησα
429 3445 629 3524 λογίσασθαι
647 3440 869 3524 τάνηλωμένα.
903 3440 1173 3526 προκαλουμένου

170 3543 209 3609 δέ
233 3568 297 3628 μου
324 3542 414 3609 ταῦτ’
441 3545 638 3630 ἀπεκρίνατό
666 3568 739 3630 μοι,
767 3546 816 3610 ὅτι
844 3541 943 3611 οὐδέν
968 3546 1056 3634 αὐτῷ
1080 3546 1174 3632 μέλοι
