<?xml version="1.0" encoding="UTF-8"?>
<!DOCTYPE html PUBLIC "-//W3C//DTD XHTML 1.0 Transitional//EN"
    "http://www.w3.org/TR/xhtml1/DTD/xhtml1-transitional.dtd">
<html xmlns="http://www.w3.org/1999/xhtml" xml:lang="en" lang="en">
 <head>
  <title>
</title>
<meta http-equiv="Content-Type" content="text/html;charset=utf-8" />
  <meta name='ocr-system' content='tesseract 3.04.00' />
  <meta name='ocr-capabilities' content='ocr_page ocr_carea ocr_par ocr_line ocrx_word'/>
</head>
<body>
  <div class='ocr_page' id='page_1' title='image "./florilegiumgrae00petegoog_0051.png"; bbox 0 0 2670 3988; ppageno 0'>
   <div class='ocr_carea' id='block_1_1' title="bbox 463 209 1134 274">
    <p class='ocr_par' dir='ltr' id='par_1_1' title="bbox 463 209 1134 274">
     <span class='ocr_line' id='line_1_1' title="bbox 463 209 1134 274; baseline -0.003 -8"><span class='ocrx_word' id='word_1_1' title='bbox 463 216 523 266; x_wconf 85' lang='lat' dir='ltr'>XII.</span> <span class='ocrx_word' id='word_1_2' title='bbox 542 214 803 267; x_wconf 78' lang='grc' dir='ltr'><strong>ΔΗΜΟΣΘΕΝΗΣ.</strong></span> <span class='ocrx_word' id='word_1_3' title='bbox 1092 209 1134 274; x_wconf 77' lang='grc'><strong><em>47</em></strong></span> 
     </span>
    </p>
   </div>
   <div class='ocr_carea' id='block_1_2' title="bbox 135 371 1171 1927">
    <p class='ocr_par' dir='ltr' id='par_1_2' title="bbox 135 371 1171 1927">
     <span class='ocr_line' id='line_1_2' title="bbox 136 371 1137 456; baseline -0.001 -19"><span class='ocrx_word' id='word_1_4' title='bbox 136 371 242 455; x_wconf 87' lang='grc' dir='ltr'><strong><em>γένος,</em></strong></span> <span class='ocrx_word' id='word_1_5' title='bbox 261 373 301 438; x_wconf 86' lang='grc' dir='ltr'><strong><em>οὐ</em></strong></span> <span class='ocrx_word' id='word_1_6' title='bbox 319 377 471 455; x_wconf 85' lang='grc' dir='ltr'><strong><em>πλοῦτος,</em></strong></span> <span class='ocrx_word' id='word_1_7' title='bbox 490 374 531 439; x_wconf 87' lang='grc' dir='ltr'><strong><em>οὐ</em></strong></span> <span class='ocrx_word' id='word_1_8' title='bbox 549 374 700 456; x_wconf 87' lang='grc' dir='ltr'><strong><em>δύναμις,</em></strong></span> <span class='ocrx_word' id='word_1_9' title='bbox 719 372 782 438; x_wconf 83' lang='grc' dir='ltr'><strong><em>ότι</em></strong></span> <span class='ocrx_word' id='word_1_10' title='bbox 800 383 869 448; x_wconf 89' lang='grc' dir='ltr'><strong><em>τοῖς</em></strong></span> <span class='ocrx_word' id='word_1_11' title='bbox 885 377 1019 447; x_wconf 85' lang='grc' dir='ltr'><strong><em>πολλοῖς</em></strong></span> <span class='ocrx_word' id='word_1_12' title='bbox 1032 372 1137 454; x_wconf 85' lang='grc' dir='ltr'><strong><em>ὑμῶν,</em></strong></span> 
     </span>
     <span class='ocr_line' id='line_1_3' title="bbox 135 471 1171 565; baseline -0.002 -24"><span class='ocrx_word' id='word_1_13' title='bbox 135 477 176 541; x_wconf 82' lang='grc' dir='ltr'><strong><em>διν</em></strong></span> <span class='ocrx_word' id='word_1_14' title='bbox 199 477 296 562; x_wconf 85' lang='grc' dir='ltr'><strong><em>ὑβρις</em></strong></span> <span class='ocrx_word' id='word_1_15' title='bbox 317 487 436 562; x_wconf 82' lang='grc' dir='ltr'><strong><em>προσῆ,</em></strong></span> <span class='ocrx_word' id='word_1_16' title='bbox 458 482 615 562; x_wconf 88' lang='grc' dir='ltr'><strong><em>προσήκει</em></strong></span> <span class='ocrx_word' id='word_1_17' title='bbox 638 477 761 565; x_wconf 86' lang='grc' dir='ltr'><strong><em>φέρειν.</em></strong></span> <span class='ocrx_word' id='word_1_18' title='bbox 797 477 921 554; x_wconf 81' lang='grc' dir='ltr'><strong><em>ἐκεῖνος</em></strong></span> <span class='ocrx_word' id='word_1_19' title='bbox 939 476 1013 561; x_wconf 79' lang='grc' dir='ltr'><strong><em>γάρ,</em></strong></span> <span class='ocrx_word' id='word_1_20' title='bbox 1036 471 1171 540; x_wconf 70' lang='grc' dir='ltr'><strong><em>ὑόν-2</em></strong></span> 
     </span>
     <span class='ocr_line' id='line_1_4' title="bbox 137 577 1136 668; baseline -0.002 -23"><span class='ocrx_word' id='word_1_21' title='bbox 137 583 212 664; x_wconf 89' lang='grc' dir='ltr'><strong><em>δρες</em></strong></span> <span class='ocrx_word' id='word_1_22' title='bbox 227 578 410 665; x_wconf 78' lang='grc' dir='ltr'><strong><em>Ἀθηναῖοι,</em></strong></span> <span class='ocrx_word' id='word_1_23' title='bbox 431 582 557 666; x_wconf 81' lang='grc' dir='ltr'><strong><em>λέγεται</em></strong></span> <span class='ocrx_word' id='word_1_24' title='bbox 575 585 657 667; x_wconf 88' lang='grc' dir='ltr'><strong><em>πρὸς</em></strong></span> <span class='ocrx_word' id='word_1_25' title='bbox 674 585 797 668; x_wconf 87' lang='grc' dir='ltr'><strong><em>πατρὸς</em></strong></span> <span class='ocrx_word' id='word_1_26' title='bbox 814 579 874 666; x_wconf 74' lang='grc' dir='ltr'><strong><em>μὲν</em></strong></span> <span class='ocrx_word' id='word_1_27' title='bbox 889 577 1136 664; x_wconf 77' lang='grc' dir='ltr'><strong><em>Ἀλκμεωνιδῶν</em></strong></span> 
     </span>
     <span class='ocr_line' id='line_1_5' title="bbox 135 682 1136 772; baseline 0 -22"><span class='ocrx_word' id='word_1_28' title='bbox 135 682 220 750; x_wconf 73' lang='grc' dir='ltr'><strong><em>εἶναι</em></strong></span> <span class='ocrx_word' id='word_1_29' title='bbox 245 688 394 770; x_wconf 81' lang='grc' dir='ltr'><strong>(τούτους</strong></span> <span class='ocrx_word' id='word_1_30' title='bbox 417 686 456 752; x_wconf 89' lang='grc' dir='ltr'><strong><em>δέ</em></strong></span> <span class='ocrx_word' id='word_1_31' title='bbox 476 705 578 770; x_wconf 91' lang='grc' dir='ltr'><strong><em>φασιν</em></strong></span> <span class='ocrx_word' id='word_1_32' title='bbox 601 688 665 752; x_wconf 91' lang='grc' dir='ltr'><strong><em>ὑπὸ</em></strong></span> <span class='ocrx_word' id='word_1_33' title='bbox 688 698 754 752; x_wconf 86' lang='grc' dir='ltr'><strong><em>τῶν</em></strong></span> <span class='ocrx_word' id='word_1_34' title='bbox 776 688 949 772; x_wconf 78' lang='grc' dir='ltr'><strong><em>τυράννοιν</em></strong></span> <span class='ocrx_word' id='word_1_35' title='bbox 971 683 1055 769; x_wconf 78' lang='grc' dir='ltr'><strong><em>ὑπὲρ</em></strong></span> <span class='ocrx_word' id='word_1_36' title='bbox 1077 695 1136 750; x_wconf 91' lang='grc' dir='ltr'><strong><em>τοῦ</em></strong></span> 
     </span>
     <span class='ocr_line' id='line_1_6' title="bbox 136 790 1137 876; baseline 0 -20"><span class='ocrx_word' id='word_1_37' title='bbox 136 794 242 875; x_wconf 93' lang='grc' dir='ltr'><strong><em>δήμου</em></strong></span> <span class='ocrx_word' id='word_1_38' title='bbox 271 793 500 870; x_wconf 80' lang='grc' dir='ltr'><strong><em>στασιάζοντας</em></strong></span> <span class='ocrx_word' id='word_1_39' title='bbox 527 791 675 858; x_wconf 81' lang='grc' dir='ltr'><strong><em>ἐκπεσεῖν</em></strong></span> <span class='ocrx_word' id='word_1_40' title='bbox 701 790 757 857; x_wconf 82' lang='grc' dir='ltr'><strong><em>καὶ</em></strong></span> <span class='ocrx_word' id='word_1_41' title='bbox 783 791 1038 875; x_wconf 78' lang='grc' dir='ltr'><strong><em>δανεισαμένους</em></strong></span> <span class='ocrx_word' id='word_1_42' title='bbox 1059 791 1137 876; x_wconf 92' lang='grc' dir='ltr'><strong><em>χρή-</em></strong></span> 
     </span>
     <span class='ocr_line' id='line_1_7' title="bbox 135 895 1136 982; baseline -0.001 -22"><span class='ocrx_word' id='word_1_43' title='bbox 135 895 207 980; x_wconf 89' lang='grc' dir='ltr'><strong><em>ματ’</em></strong></span> <span class='ocrx_word' id='word_1_44' title='bbox 230 895 266 962; x_wconf 92' lang='grc' dir='ltr'><strong><em>ἐκ</em></strong></span> <span class='ocrx_word' id='word_1_45' title='bbox 285 900 429 982; x_wconf 80' lang='grc' dir='ltr'><strong><em>Δελφῶν</em></strong></span> <span class='ocrx_word' id='word_1_46' title='bbox 452 897 673 981; x_wconf 77' lang='grc' dir='ltr'><strong><em>ἐλευθερῶσαι</em></strong></span> <span class='ocrx_word' id='word_1_47' title='bbox 695 898 756 980; x_wconf 89' lang='grc' dir='ltr'><strong><em>τήν</em></strong></span> <span class='ocrx_word' id='word_1_48' title='bbox 774 900 872 963; x_wconf 92' lang='grc' dir='ltr'><strong><em>πόλιν</em></strong></span> <span class='ocrx_word' id='word_1_49' title='bbox 890 895 944 962; x_wconf 78' lang='grc' dir='ltr'><strong><em>καὶ</em></strong></span> <span class='ocrx_word' id='word_1_50' title='bbox 962 899 1039 971; x_wconf 89' lang='grc' dir='ltr'><strong><em>τοὺς</em></strong></span> <span class='ocrx_word' id='word_1_51' title='bbox 1057 899 1136 959; x_wconf 87' lang='grc' dir='ltr'><strong><em>Πει-</em></strong></span> 
     </span>
     <span class='ocr_line' id='line_1_8' title="bbox 136 999 1136 1088; baseline -0.001 -22"><span class='ocrx_word' id='word_1_52' title='bbox 136 1003 312 1085; x_wconf 81' lang='grc' dir='ltr'><strong><em>σιστράτου</em></strong></span> <span class='ocrx_word' id='word_1_53' title='bbox 330 1004 449 1079; x_wconf 87' lang='grc' dir='ltr'><strong><em>παῖδας</em></strong></span> <span class='ocrx_word' id='word_1_54' title='bbox 468 1001 644 1088; x_wconf 78' lang='grc' dir='ltr'><strong><em>ἐκβαλεῖν),</em></strong></span> <span class='ocrx_word' id='word_1_55' title='bbox 661 1005 744 1086; x_wconf 89' lang='grc' dir='ltr'><strong><em>πρὸς</em></strong></span> <span class='ocrx_word' id='word_1_56' title='bbox 762 1000 798 1068; x_wconf 73' lang='grc' dir='ltr'><strong><em>δὲ</em></strong></span> <span class='ocrx_word' id='word_1_57' title='bbox 817 1005 937 1088; x_wconf 83' lang='grc' dir='ltr'><strong><em>μητρὸς</em></strong></span> <span class='ocrx_word' id='word_1_58' title='bbox 946 999 1136 1067; x_wconf 86' lang='grc' dir='ltr'><strong><em>Ἱππονίκου</em></strong></span> 
     </span>
     <span class='ocr_line' id='line_1_9' title="bbox 136 1103 1136 1191; baseline -0.002 -19"><span class='ocrx_word' id='word_1_59' title='bbox 136 1106 191 1172; x_wconf 83' lang='grc' dir='ltr'><strong><em>καὶ</em></strong></span> <span class='ocrx_word' id='word_1_60' title='bbox 218 1110 336 1191; x_wconf 80' lang='grc' dir='ltr'><strong><em>ταύτης</em></strong></span> <span class='ocrx_word' id='word_1_61' title='bbox 362 1117 419 1191; x_wconf 87' lang='grc' dir='ltr'><strong><em>τῆς</em></strong></span> <span class='ocrx_word' id='word_1_62' title='bbox 446 1110 566 1191; x_wconf 87' lang='grc' dir='ltr'><strong><em>οἰκίας,</em></strong></span> <span class='ocrx_word' id='word_1_63' title='bbox 593 1103 631 1191; x_wconf 85' lang='grc' dir='ltr'><strong><em>ής</em></strong></span> <span class='ocrx_word' id='word_1_64' title='bbox 658 1107 842 1191; x_wconf 79' lang='grc' dir='ltr'><strong><em>ὑπάρχουσι</em></strong></span> <span class='ocrx_word' id='word_1_65' title='bbox 864 1105 982 1172; x_wconf 82' lang='grc' dir='ltr'><strong><em>πολλαὶ</em></strong></span> <span class='ocrx_word' id='word_1_66' title='bbox 1004 1103 1059 1170; x_wconf 81' lang='grc' dir='ltr'><strong><em>καὶ</em></strong></span> <span class='ocrx_word' id='word_1_67' title='bbox 1082 1129 1136 1188; x_wconf 90' lang='grc' dir='ltr'><strong><em>με-</em></strong></span> 
     </span>
     <span class='ocr_line' id='line_1_10' title="bbox 136 1208 1170 1298; baseline -0.003 -21"><span class='ocrx_word' id='word_1_68' title='bbox 136 1214 234 1296; x_wconf 84' lang='grc' dir='ltr'><strong><em>γίλαι</em></strong></span> <span class='ocrx_word' id='word_1_69' title='bbox 256 1215 338 1298; x_wconf 92' lang='grc' dir='ltr'><strong><em>πρὸς</em></strong></span> <span class='ocrx_word' id='word_1_70' title='bbox 360 1215 418 1278; x_wconf 88' lang='grc' dir='ltr'><strong><em>τὸν</em></strong></span> <span class='ocrx_word' id='word_1_71' title='bbox 442 1215 547 1297; x_wconf 92' lang='grc' dir='ltr'><strong><em>δῆμον</em></strong></span> <span class='ocrx_word' id='word_1_72' title='bbox 570 1213 762 1297; x_wconf 78' lang='grc' dir='ltr'><strong><em>εὐεργεσίαι.</em></strong></span> <span class='ocrx_word' id='word_1_73' title='bbox 795 1212 835 1277; x_wconf 88' lang='grc' dir='ltr'><strong><em>οῦ</em></strong></span> <span class='ocrx_word' id='word_1_74' title='bbox 858 1216 962 1296; x_wconf 89' lang='grc' dir='ltr'><strong><em>μόνον</em></strong></span> <span class='ocrx_word' id='word_1_75' title='bbox 981 1209 1018 1276; x_wconf 77' lang='grc' dir='ltr'><strong><em>δὲ</em></strong></span> <span class='ocrx_word' id='word_1_76' title='bbox 1036 1208 1133 1276; x_wconf 88' lang='grc' dir='ltr'><strong><em>ταῦθ’</em></strong></span> <span class='ocrx_word' id='word_1_77' title='bbox 1155 1227 1170 1274; x_wconf 85' lang='grc'>3</span> 
     </span>
     <span class='ocr_line' id='line_1_11' title="bbox 136 1313 1136 1404; baseline 0 -22"><span class='ocrx_word' id='word_1_78' title='bbox 136 1319 282 1403; x_wconf 78' lang='grc' dir='ltr'><strong><em>ὑπῆρχεν</em></strong></span> <span class='ocrx_word' id='word_1_79' title='bbox 310 1317 413 1404; x_wconf 72' lang='grc' dir='ltr'><strong><em>αὐτῷ,</em></strong></span> <span class='ocrx_word' id='word_1_80' title='bbox 441 1317 523 1383; x_wconf 80' lang='grc' dir='ltr'><strong><em>ἀλλὰ</em></strong></span> <span class='ocrx_word' id='word_1_81' title='bbox 550 1317 605 1383; x_wconf 82' lang='grc' dir='ltr'><strong><em>καὶ</em></strong></span> <span class='ocrx_word' id='word_1_82' title='bbox 632 1319 729 1394; x_wconf 86' lang='grc' dir='ltr'><strong><em>αὑτὸς</em></strong></span> <span class='ocrx_word' id='word_1_83' title='bbox 755 1313 838 1402; x_wconf 69' lang='grc' dir='ltr'><strong><em>ὑπὲρ</em></strong></span> <span class='ocrx_word' id='word_1_84' title='bbox 865 1328 926 1383; x_wconf 89' lang='grc' dir='ltr'><strong><em>τοῦ</em></strong></span> <span class='ocrx_word' id='word_1_85' title='bbox 950 1318 1056 1401; x_wconf 90' lang='grc' dir='ltr'><strong><em>δήμου</em></strong></span> <span class='ocrx_word' id='word_1_86' title='bbox 1078 1314 1136 1382; x_wconf 85' lang='grc' dir='ltr'><strong><em>θέ-</em></strong></span> 
     </span>
     <span class='ocr_line' id='line_1_12' title="bbox 136 1422 1136 1510; baseline -0.003 -22"><span class='ocrx_word' id='word_1_87' title='bbox 136 1447 233 1507; x_wconf 90' lang='grc' dir='ltr'><strong><em>μενος</em></strong></span> <span class='ocrx_word' id='word_1_88' title='bbox 255 1425 294 1487; x_wconf 79' lang='grc' dir='ltr'><strong><em>τὰ</em></strong></span> <span class='ocrx_word' id='word_1_89' title='bbox 318 1423 402 1489; x_wconf 83' lang='grc' dir='ltr'><strong><em>ὅπλα</em></strong></span> <span class='ocrx_word' id='word_1_90' title='bbox 430 1433 475 1510; x_wconf 77' lang='grc' dir='ltr'><strong><em>τῷ</em></strong></span> <span class='ocrx_word' id='word_1_91' title='bbox 500 1425 624 1507; x_wconf 81' lang='grc' dir='ltr'><strong><em>σώματι</em></strong></span> <span class='ocrx_word' id='word_1_92' title='bbox 646 1424 707 1506; x_wconf 89' lang='grc' dir='ltr'><strong><em>τήν</em></strong></span> <span class='ocrx_word' id='word_1_93' title='bbox 730 1424 882 1506; x_wconf 86' lang='grc' dir='ltr'><strong><em>εὑνοιαν,</em></strong></span> <span class='ocrx_word' id='word_1_94' title='bbox 911 1422 952 1487; x_wconf 88' lang='grc' dir='ltr'><strong><em>οὑ</em></strong></span> <span class='ocrx_word' id='word_1_95' title='bbox 974 1425 1136 1506; x_wconf 91' lang='grc' dir='ltr'><strong><em>χρήμασιν</em></strong></span> 
     </span>
     <span class='ocr_line' id='line_1_13' title="bbox 137 1522 1137 1615; baseline -0.003 -22"><span class='ocrx_word' id='word_1_96' title='bbox 137 1525 215 1594; x_wconf 72' lang='grc' dir='ltr'><strong><em>οὐδὲ</em></strong></span> <span class='ocrx_word' id='word_1_97' title='bbox 234 1532 345 1611; x_wconf 90' lang='grc' dir='ltr'><strong><em>λόγοις</em></strong></span> <span class='ocrx_word' id='word_1_98' title='bbox 362 1528 544 1606; x_wconf 78' lang='grc' dir='ltr'><strong><em>ἐνεδείξατο</em></strong></span> <span class='ocrx_word' id='word_1_99' title='bbox 563 1538 602 1614; x_wconf 83' lang='grc' dir='ltr'><strong><em>τῆ</em></strong></span> <span class='ocrx_word' id='word_1_100' title='bbox 621 1530 763 1615; x_wconf 89' lang='grc' dir='ltr'><strong><em>πατρίδι.</em></strong></span> <span class='ocrx_word' id='word_1_101' title='bbox 790 1531 838 1593; x_wconf 82' lang='grc' dir='ltr'><strong><em>ἐτι</em></strong></span> <span class='ocrx_word' id='word_1_102' title='bbox 854 1526 886 1593; x_wconf 90' lang='grc' dir='ltr'><strong><em>δ’</em></strong></span> <span class='ocrx_word' id='word_1_103' title='bbox 903 1529 1011 1592; x_wconf 80' lang='grc' dir='ltr'><strong><em>ἵππων</em></strong></span> <span class='ocrx_word' id='word_1_104' title='bbox 1023 1522 1137 1610; x_wconf 89' lang='grc' dir='ltr'><strong><em>Ὀλυμ-</em></strong></span> 
     </span>
     <span class='ocr_line' id='line_1_14' title="bbox 136 1631 1154 1730; baseline -0.001 -33"><span class='ocrx_word' id='word_1_105' title='bbox 136 1638 248 1699; x_wconf 89' lang='grc' dir='ltr'><strong><em>πίασιν</em></strong></span> <span class='ocrx_word' id='word_1_106' title='bbox 277 1633 401 1716; x_wconf 83' lang='grc' dir='ltr'><strong><em>ἀγῶνες</em></strong></span> <span class='ocrx_word' id='word_1_107' title='bbox 422 1635 570 1718; x_wconf 77' lang='grc' dir='ltr'><strong><em>ὑπῆρχον</em></strong></span> <span class='ocrx_word' id='word_1_108' title='bbox 593 1634 681 1721; x_wconf 77' lang='grc' dir='ltr'><strong><em>αὑτῷ</em></strong></span> <span class='ocrx_word' id='word_1_109' title='bbox 704 1632 759 1699; x_wconf 80' lang='grc' dir='ltr'><strong><em>καί</em></strong></span> <span class='ocrx_word' id='word_1_110' title='bbox 781 1644 870 1699; x_wconf 87' lang='grc' dir='ltr'><strong><em>νῖκαι</em></strong></span> <span class='ocrx_word' id='word_1_111' title='bbox 892 1631 947 1698; x_wconf 84' lang='grc' dir='ltr'><strong><em>καὶ</em></strong></span> <span class='ocrx_word' id='word_1_112' title='bbox 970 1631 1154 1730; x_wconf 47' lang='grc' dir='ltr'><strong><em>στέφανοι,,</em></strong></span> 
     </span>
     <span class='ocr_line' id='line_1_15' title="bbox 137 1737 1137 1824; baseline -0.003 -21"><span class='ocrx_word' id='word_1_113' title='bbox 137 1738 190 1803; x_wconf 79' lang='grc' dir='ltr'><strong><em>καὶ</em></strong></span> <span class='ocrx_word' id='word_1_114' title='bbox 218 1743 397 1823; x_wconf 86' lang='grc' dir='ltr'><strong><em>στρατηγὸς</em></strong></span> <span class='ocrx_word' id='word_1_115' title='bbox 423 1740 555 1824; x_wconf 78' lang='grc' dir='ltr'><strong><em>ἄριστος</em></strong></span> <span class='ocrx_word' id='word_1_116' title='bbox 581 1737 635 1804; x_wconf 81' lang='grc' dir='ltr'><strong><em>καὶ</em></strong></span> <span class='ocrx_word' id='word_1_117' title='bbox 662 1738 770 1821; x_wconf 89' lang='grc' dir='ltr'><strong><em>λέγειν</em></strong></span> <span class='ocrx_word' id='word_1_118' title='bbox 794 1737 901 1804; x_wconf 92' lang='grc' dir='ltr'><strong><em>ἐδόκει</em></strong></span> <span class='ocrx_word' id='word_1_119' title='bbox 923 1737 1072 1819; x_wconf 79' lang='grc' dir='ltr'><strong><em>πάντων,</em></strong></span> <span class='ocrx_word' id='word_1_120' title='bbox 1094 1737 1137 1813; x_wconf 79' lang='grc' dir='ltr'><strong><em>ὥς</em></strong></span> 
     </span>
     <span class='ocr_line' id='line_1_16' title="bbox 136 1826 1171 1927; baseline -0.001 -19"><span class='ocrx_word' id='word_1_121' title='bbox 136 1861 254 1927; x_wconf 90' lang='grc' dir='ltr'><strong><em>φασιν,</em></strong></span> <span class='ocrx_word' id='word_1_122' title='bbox 284 1839 369 1908; x_wconf 81' lang='grc' dir='ltr'><strong><em>εἶναι</em></strong></span> <span class='ocrx_word' id='word_1_123' title='bbox 401 1845 594 1920; x_wconf 88' lang='grc' dir='ltr'><strong><em>δεινότατος.</em></strong></span> <span class='ocrx_word' id='word_1_124' title='bbox 640 1840 711 1908; x_wconf 86' lang='grc' dir='ltr'><strong><em>ἀλλ’</em></strong></span> <span class='ocrx_word' id='word_1_125' title='bbox 738 1843 826 1927; x_wconf 80' lang='grc' dir='ltr'><strong><em>ὅμως</em></strong></span> <span class='ocrx_word' id='word_1_126' title='bbox 853 1843 888 1908; x_wconf 84' lang='grc' dir='ltr'><strong><em>οί</em></strong></span> <span class='ocrx_word' id='word_1_127' title='bbox 911 1826 1171 1907; x_wconf 40' lang='grc' dir='ltr'><strong><em>κατ”ἐκεῖνονα</em></strong></span> 
     </span>
    </p>
   </div>
   <div class='ocr_carea' id='block_1_3' title="bbox 12 1948 1136 2035">
    <p class='ocr_par' dir='ltr' id='par_1_3' title="bbox 12 1948 1136 2035">
     <span class='ocr_line' id='line_1_17' title="bbox 12 1948 1136 2035; baseline -0.004 -20"><span class='ocrx_word' id='word_1_128' title='bbox 12 1959 13 1964; x_wconf 76' lang='grc'>’</span> <span class='ocrx_word' id='word_1_129' title='bbox 137 1948 287 2033; x_wconf 84' lang='grc' dir='ltr'><strong><em>ὑμέτεροι</em></strong></span> <span class='ocrx_word' id='word_1_130' title='bbox 310 1952 468 2032; x_wconf 89' lang='grc' dir='ltr'><strong><em>πρόγονοι</em></strong></span> <span class='ocrx_word' id='word_1_131' title='bbox 492 1950 629 2025; x_wconf 86' lang='grc' dir='ltr'><strong><em>οὐδενὸς</em></strong></span> <span class='ocrx_word' id='word_1_132' title='bbox 650 1949 777 2014; x_wconf 82' lang='grc' dir='ltr'><strong><em>τούτων</em></strong></span> <span class='ocrx_word' id='word_1_133' title='bbox 796 1948 883 2035; x_wconf 73' lang='grc' dir='ltr'><strong><em>αὐτῷ</em></strong></span> <span class='ocrx_word' id='word_1_134' title='bbox 904 1949 1136 2032; x_wconf 86' lang='grc' dir='ltr'><strong><em>συνεχώρησαν</em></strong></span> 
     </span>
    </p>
   </div>
   <div class='ocr_carea' id='block_1_4' title="bbox 136 2051 1171 3402">
    <p class='ocr_par' dir='ltr' id='par_1_4' title="bbox 136 2051 1171 3402">
     <span class='ocr_line' id='line_1_18' title="bbox 136 2051 1136 2138; baseline -0.001 -20"><span class='ocrx_word' id='word_1_135' title='bbox 136 2054 282 2138; x_wconf 79' lang='grc' dir='ltr'><strong><em>ὑβρίζειν</em></strong></span> <span class='ocrx_word' id='word_1_136' title='bbox 313 2055 448 2137; x_wconf 86' lang='grc' dir='ltr'><strong><em>αὑτούς,</em></strong></span> <span class='ocrx_word' id='word_1_137' title='bbox 479 2054 562 2119; x_wconf 80' lang='grc' dir='ltr'><strong><em>ἀλλὰ</em></strong></span> <span class='ocrx_word' id='word_1_138' title='bbox 590 2058 785 2138; x_wconf 79' lang='grc' dir='ltr'><strong><em>ποιήσαντες</em></strong></span> <span class='ocrx_word' id='word_1_139' title='bbox 813 2051 937 2138; x_wconf 82' lang='grc' dir='ltr'><strong><em>φυγάδ’</em></strong></span> <span class='ocrx_word' id='word_1_140' title='bbox 967 2052 1136 2135; x_wconf 84' lang='grc' dir='ltr'><strong><em>ἐξέβαλον·</em></strong></span> 
     </span>
     <span class='ocr_line' id='line_1_19' title="bbox 137 2157 1138 2244; baseline 0 -22"><span class='ocrx_word' id='word_1_141' title='bbox 137 2158 191 2223; x_wconf 78' lang='grc' dir='ltr'><strong><em>καὶ</em></strong></span> <span class='ocrx_word' id='word_1_142' title='bbox 209 2161 481 2244; x_wconf 83' lang='grc' dir='ltr'><strong><em>Λακεδαιμονίων</em></strong></span> <span class='ocrx_word' id='word_1_143' title='bbox 505 2162 612 2225; x_wconf 84' lang='grc' dir='ltr'><strong><em>όντων</em></strong></span> <span class='ocrx_word' id='word_1_144' title='bbox 635 2162 779 2244; x_wconf 84' lang='grc' dir='ltr'><strong><em>ίσχυρῶν</em></strong></span> <span class='ocrx_word' id='word_1_145' title='bbox 797 2161 868 2223; x_wconf 87' lang='grc' dir='ltr'><strong><em>τότε</em></strong></span> <span class='ocrx_word' id='word_1_146' title='bbox 888 2157 941 2224; x_wconf 79' lang='grc' dir='ltr'><strong><em>καὶ</em></strong></span> <span class='ocrx_word' id='word_1_147' title='bbox 960 2157 1138 2222; x_wconf 80' lang='grc' dir='ltr'><strong><em>Δεκέλειαν</em></strong></span> 
     </span>
     <span class='ocr_line' id='line_1_20' title="bbox 138 2258 1134 2350; baseline -0.001 -22"><span class='ocrx_word' id='word_1_148' title='bbox 138 2262 264 2341; x_wconf 78' lang='grc' dir='ltr'><strong><em>ἑαυτοῖς</em></strong></span> <span class='ocrx_word' id='word_1_149' title='bbox 288 2263 546 2350; x_wconf 73' lang='grc' dir='ltr'><strong><em>ἐπιτειχισθῆναι</em></strong></span> <span class='ocrx_word' id='word_1_150' title='bbox 568 2263 623 2329; x_wconf 80' lang='grc' dir='ltr'><strong><em>καὶ</em></strong></span> <span class='ocrx_word' id='word_1_151' title='bbox 645 2266 703 2341; x_wconf 81' lang='grc' dir='ltr'><strong><em>τὰς</em></strong></span> <span class='ocrx_word' id='word_1_152' title='bbox 719 2274 801 2340; x_wconf 88' lang='grc' dir='ltr'><strong><em>ναῦς</em></strong></span> <span class='ocrx_word' id='word_1_153' title='bbox 819 2263 943 2329; x_wconf 84' lang='grc' dir='ltr'><strong><em>ἁλῶναι</em></strong></span> <span class='ocrx_word' id='word_1_154' title='bbox 961 2262 1015 2328; x_wconf 83' lang='grc' dir='ltr'><strong><em>καὶ</em></strong></span> <span class='ocrx_word' id='word_1_155' title='bbox 1033 2258 1134 2327; x_wconf 77' lang='grc' dir='ltr'><strong><em>πάνθ’</em></strong></span> 
     </span>
     <span class='ocr_line' id='line_1_21' title="bbox 137 2364 1138 2454; baseline -0.001 -21"><span class='ocrx_word' id='word_1_156' title='bbox 137 2367 327 2454; x_wconf 84' lang='grc' dir='ltr'><strong><em>ὑπέμειναν,</em></strong></span> <span class='ocrx_word' id='word_1_157' title='bbox 351 2371 462 2436; x_wconf 85' lang='grc' dir='ltr'><strong><em>ὁτιοῦν</em></strong></span> <span class='ocrx_word' id='word_1_158' title='bbox 485 2371 619 2446; x_wconf 79' lang='grc' dir='ltr'><strong><em>ἄκοντες</em></strong></span> <span class='ocrx_word' id='word_1_159' title='bbox 641 2377 763 2434; x_wconf 79' lang='grc' dir='ltr'><strong><em>παθεῖν</em></strong></span> <span class='ocrx_word' id='word_1_160' title='bbox 785 2371 920 2434; x_wconf 88' lang='grc' dir='ltr'><strong><em>κοίλλιου</em></strong></span> <span class='ocrx_word' id='word_1_161' title='bbox 942 2364 1027 2434; x_wconf 85' lang='grc' dir='ltr'><strong><em>εἶναι</em></strong></span> <span class='ocrx_word' id='word_1_162' title='bbox 1045 2372 1138 2452; x_wconf 86' lang='grc' dir='ltr'><strong><em>νομί-</em></strong></span> 
     </span>
     <span class='ocr_line' id='line_1_22' title="bbox 139 2472 1171 2560; baseline -0.002 -20"><span class='ocrx_word' id='word_1_163' title='bbox 139 2479 260 2558; x_wconf 88' lang='grc' dir='ltr'><strong><em>ζοντες,</em></strong></span> <span class='ocrx_word' id='word_1_164' title='bbox 289 2475 310 2559; x_wconf 88' lang='grc' dir='ltr'><strong><em>ή</em></strong></span> <span class='ocrx_word' id='word_1_165' title='bbox 338 2472 466 2550; x_wconf 80' lang='grc' dir='ltr'><strong><em>ἑκόντες</em></strong></span> <span class='ocrx_word' id='word_1_166' title='bbox 493 2474 684 2558; x_wconf 88' lang='grc' dir='ltr'><strong><em>ὑβρίζεσθαι</em></strong></span> <span class='ocrx_word' id='word_1_167' title='bbox 713 2483 929 2560; x_wconf 86' lang='grc' dir='ltr'><strong><em>συγχωρῆσαι.</em></strong></span> <span class='ocrx_word' id='word_1_168' title='bbox 974 2477 1079 2539; x_wconf 91' lang='grc' dir='ltr'><strong><em>καίτοι</em></strong></span> <span class='ocrx_word' id='word_1_169' title='bbox 1106 2477 1171 2538; x_wconf 79' lang='grc' dir='ltr'><strong><em>τίο</em></strong></span> 
     </span>
     <span class='ocr_line' id='line_1_23' title="bbox 137 2576 1138 2664; baseline -0.002 -19"><span class='ocrx_word' id='word_1_170' title='bbox 137 2591 296 2647; x_wconf 80' lang='grc' dir='ltr'><strong><em>τοσοῦτον</em></strong></span> <span class='ocrx_word' id='word_1_171' title='bbox 319 2579 443 2657; x_wconf 87' lang='grc' dir='ltr'><strong><em>ἐκεῖνος</em></strong></span> <span class='ocrx_word' id='word_1_172' title='bbox 464 2580 613 2664; x_wconf 82' lang='grc' dir='ltr'><strong><em>ὕβρισεν,</em></strong></span> <span class='ocrx_word' id='word_1_173' title='bbox 634 2581 750 2662; x_wconf 78' lang='grc' dir='ltr'><strong><em>ἡλίκον</em></strong></span> <span class='ocrx_word' id='word_1_174' title='bbox 773 2576 868 2656; x_wconf 86' lang='grc' dir='ltr'><strong><em>οὑτος</em></strong></span> <span class='ocrx_word' id='word_1_175' title='bbox 890 2589 954 2645; x_wconf 90' lang='grc' dir='ltr'><strong><em>νῦν</em></strong></span> <span class='ocrx_word' id='word_1_176' title='bbox 973 2578 1138 2663; x_wconf 86' lang='grc' dir='ltr'><strong><em>ἐξελήλεγ-</em></strong></span> 
     </span>
     <span class='ocr_line' id='line_1_24' title="bbox 138 2683 1137 2770; baseline -0.001 -21"><span class='ocrx_word' id='word_1_177' title='bbox 138 2708 225 2763; x_wconf 85' lang='grc' dir='ltr'><strong><em>κται;</em></strong></span> <span class='ocrx_word' id='word_1_178' title='bbox 269 2684 417 2765; x_wconf 82' lang='grc' dir='ltr'><strong><em>Ταυρέαν</em></strong></span> <span class='ocrx_word' id='word_1_179' title='bbox 441 2684 575 2764; x_wconf 85' lang='grc' dir='ltr'><strong><em>ἐπάταξε</em></strong></span> <span class='ocrx_word' id='word_1_180' title='bbox 599 2683 793 2770; x_wconf 81' lang='grc' dir='ltr'><strong><em>χορηγοῦντ’</em></strong></span> <span class='ocrx_word' id='word_1_181' title='bbox 817 2684 869 2750; x_wconf 80' lang='grc' dir='ltr'><strong><em>ἐπὶ</em></strong></span> <span class='ocrx_word' id='word_1_182' title='bbox 890 2688 1019 2769; x_wconf 77' lang='grc' dir='ltr'><strong><em>κόρρης.</em></strong></span> <span class='ocrx_word' id='word_1_183' title='bbox 1055 2687 1137 2749; x_wconf 84' lang='grc' dir='ltr'><strong><em>ἔστω</em></strong></span> 
     </span>
     <span class='ocr_line' id='line_1_25' title="bbox 136 2787 1138 2876; baseline 0 -22"><span class='ocrx_word' id='word_1_184' title='bbox 136 2800 253 2873; x_wconf 87' lang='grc' dir='ltr'><strong><em>ταῦτα,</em></strong></span> <span class='ocrx_word' id='word_1_185' title='bbox 281 2790 363 2854; x_wconf 79' lang='grc' dir='ltr'><strong><em>ἀλλὰ</em></strong></span> <span class='ocrx_word' id='word_1_186' title='bbox 389 2802 541 2876; x_wconf 88' lang='grc' dir='ltr'><strong><em>χορηγῶν</em></strong></span> <span class='ocrx_word' id='word_1_187' title='bbox 569 2814 605 2873; x_wconf 92' lang='grc' dir='ltr'><strong><em>γε</em></strong></span> <span class='ocrx_word' id='word_1_188' title='bbox 633 2799 839 2875; x_wconf 87' lang='grc' dir='ltr'><strong><em>χορηγοῦντα</em></strong></span> <span class='ocrx_word' id='word_1_189' title='bbox 865 2787 952 2855; x_wconf 88' lang='grc' dir='ltr'><strong><em>τοῦτ’</em></strong></span> <span class='ocrx_word' id='word_1_190' title='bbox 976 2789 1138 2873; x_wconf 85' lang='grc' dir='ltr'><strong><em>ἐποίησεν,</em></strong></span> 
     </span>
     <span class='ocr_line' id='line_1_26' title="bbox 137 2897 1138 2980; baseline -0.003 -19"><span class='ocrx_word' id='word_1_191' title='bbox 137 2897 229 2961; x_wconf 81' lang='grc' dir='ltr'><strong><em>οὔπω</em></strong></span> <span class='ocrx_word' id='word_1_192' title='bbox 252 2897 348 2961; x_wconf 85' lang='grc' dir='ltr'><strong><em>τόνδε</em></strong></span> <span class='ocrx_word' id='word_1_193' title='bbox 366 2898 425 2962; x_wconf 87' lang='grc' dir='ltr'><strong><em>τὸν</em></strong></span> <span class='ocrx_word' id='word_1_194' title='bbox 442 2901 548 2980; x_wconf 90' lang='grc' dir='ltr'><strong><em>νόμον</em></strong></span> <span class='ocrx_word' id='word_1_195' title='bbox 565 2899 793 2980; x_wconf 82' lang='grc' dir='ltr'><strong><em>παραβαίνων·</em></strong></span> <span class='ocrx_word' id='word_1_196' title='bbox 817 2897 857 2962; x_wconf 91' lang='grc' dir='ltr'><strong><em>οὑ</em></strong></span> <span class='ocrx_word' id='word_1_197' title='bbox 875 2898 938 2980; x_wconf 79' lang='grc' dir='ltr'><strong><em>γὰρ</em></strong></span> <span class='ocrx_word' id='word_1_198' title='bbox 957 2898 1060 2960; x_wconf 87' lang='grc' dir='ltr'><strong><em>ἐκειτό</em></strong></span> <span class='ocrx_word' id='word_1_199' title='bbox 1077 2916 1138 2959; x_wconf 86' lang='grc' dir='ltr'><strong><em>πω.</em></strong></span> 
     </span>
     <span class='ocr_line' id='line_1_27' title="bbox 137 2989 1160 3085; baseline -0.003 -20"><span class='ocrx_word' id='word_1_200' title='bbox 137 2993 243 3084; x_wconf 87' lang='grc' dir='ltr'><strong><em>εἷρξεν</em></strong></span> <span class='ocrx_word' id='word_1_201' title='bbox 255 2998 461 3085; x_wconf 82' lang='grc' dir='ltr'><strong><em>Ἀγάθαρχον</em></strong></span> <span class='ocrx_word' id='word_1_202' title='bbox 479 3001 539 3064; x_wconf 92' lang='grc' dir='ltr'><strong><em>τὸν</em></strong></span> <span class='ocrx_word' id='word_1_203' title='bbox 556 2998 696 3084; x_wconf 84' lang='grc' dir='ltr'><strong><em>γραφέα·</em></strong></span> <span class='ocrx_word' id='word_1_204' title='bbox 715 2997 769 3064; x_wconf 84' lang='grc' dir='ltr'><strong><em>καὶ</em></strong></span> <span class='ocrx_word' id='word_1_205' title='bbox 786 3000 847 3082; x_wconf 83' lang='grc' dir='ltr'><strong><em>γδρ</em></strong></span> <span class='ocrx_word' id='word_1_206' title='bbox 862 3007 962 3064; x_wconf 89' lang='grc' dir='ltr'><strong><em>ταῦτα</em></strong></span> <span class='ocrx_word' id='word_1_207' title='bbox 976 2997 1139 3080; x_wconf 87' lang='grc' dir='ltr'><strong><em>λέγουσιν.</em></strong></span> <span class='ocrx_word' id='word_1_208' title='bbox 1158 2989 1160 2995; x_wconf 55' lang='grc'><strong>’</strong></span> 
     </span>
     <span class='ocr_line' id='line_1_28' title="bbox 137 3101 1139 3190; baseline -0.003 -19"><span class='ocrx_word' id='word_1_209' title='bbox 137 3108 248 3190; x_wconf 81' lang='grc' dir='ltr'><strong><em>λαβών</em></strong></span> <span class='ocrx_word' id='word_1_210' title='bbox 270 3106 311 3189; x_wconf 87' lang='grc' dir='ltr'><strong><em>γέ</em></strong></span> <span class='ocrx_word' id='word_1_211' title='bbox 330 3129 362 3170; x_wconf 92' lang='grc' dir='ltr'><strong><em>τι</em></strong></span> <span class='ocrx_word' id='word_1_212' title='bbox 383 3101 648 3188; x_wconf 86' lang='grc' dir='ltr'><strong><em>πλημμελοῦνθ’,</em></strong></span> <span class='ocrx_word' id='word_1_213' title='bbox 667 3105 710 3180; x_wconf 82' lang='grc' dir='ltr'><strong><em>ὥς</em></strong></span> <span class='ocrx_word' id='word_1_214' title='bbox 729 3122 842 3188; x_wconf 87' lang='grc' dir='ltr'><strong><em>φασιν,</em></strong></span> <span class='ocrx_word' id='word_1_215' title='bbox 866 3105 945 3188; x_wconf 84' lang='grc' dir='ltr'><strong><em>ὅπερ</em></strong></span> <span class='ocrx_word' id='word_1_216' title='bbox 964 3101 1035 3169; x_wconf 87' lang='grc' dir='ltr'><strong><em>οὐδ’</em></strong></span> <span class='ocrx_word' id='word_1_217' title='bbox 1054 3104 1139 3169; x_wconf 89' lang='grc' dir='ltr'><strong><em>ὀνει-</em></strong></span> 
     </span>
     <span class='ocr_line' id='line_1_29' title="bbox 137 3205 1139 3296; baseline -0.003 -20"><span class='ocrx_word' id='word_1_218' title='bbox 137 3213 237 3290; x_wconf 90' lang='grc' dir='ltr'><strong><em>δίζειν</em></strong></span> <span class='ocrx_word' id='word_1_219' title='bbox 269 3211 371 3289; x_wconf 79' lang='grc' dir='ltr'><strong><em>όίξιον.</em></strong></span> <span class='ocrx_word' id='word_1_220' title='bbox 418 3213 496 3286; x_wconf 92' lang='grc' dir='ltr'><strong><em>τοὺς</em></strong></span> <span class='ocrx_word' id='word_1_221' title='bbox 513 3207 635 3296; x_wconf 85' lang='grc' dir='ltr'><strong><em>Ἑρμᾶς</em></strong></span> <span class='ocrx_word' id='word_1_222' title='bbox 661 3208 880 3294; x_wconf 87' lang='grc' dir='ltr'><strong><em>περιέκοπτεν.</em></strong></span> <span class='ocrx_word' id='word_1_223' title='bbox 925 3205 1051 3274; x_wconf 81' lang='grc' dir='ltr'><strong><em>ἅπαντα</em></strong></span> <span class='ocrx_word' id='word_1_224' title='bbox 1078 3205 1139 3292; x_wconf 73' lang='grc' dir='ltr'><strong><em>μὲν</em></strong></span> 
     </span>
     <span class='ocr_line' id='line_1_30' title="bbox 137 3312 1138 3402; baseline -0.003 -20"><span class='ocrx_word' id='word_1_225' title='bbox 137 3312 227 3402; x_wconf 82' lang='grc' dir='ltr'><strong><em>οἶμαι</em></strong></span> <span class='ocrx_word' id='word_1_226' title='bbox 249 3316 454 3401; x_wconf 83' lang='grc' dir='ltr'><strong><em>τάσεβήματα</em></strong></span> <span class='ocrx_word' id='word_1_227' title='bbox 476 3326 533 3400; x_wconf 82' lang='grc' dir='ltr'><strong><em>τῆς</em></strong></span> <span class='ocrx_word' id='word_1_228' title='bbox 556 3317 655 3398; x_wconf 89' lang='grc' dir='ltr'><strong><em>αὐτῆς</em></strong></span> <span class='ocrx_word' id='word_1_229' title='bbox 677 3316 776 3401; x_wconf 82' lang='grc' dir='ltr'><strong><em>ὀργῆς</em></strong></span> <span class='ocrx_word' id='word_1_230' title='bbox 800 3317 929 3381; x_wconf 89' lang='grc' dir='ltr'><strong><em>δίκαιον</em></strong></span> <span class='ocrx_word' id='word_1_231' title='bbox 951 3314 1079 3393; x_wconf 80' lang='grc' dir='ltr'><strong><em>ἀξιοῦν·</em></strong></span> <span class='ocrx_word' id='word_1_232' title='bbox 1102 3316 1138 3379; x_wconf 88' lang='grc' dir='ltr'><strong><em>τὸ</em></strong></span> 
     </span>
    </p>
   </div>
   <div class='ocr_carea' id='block_1_5' title="bbox 18 3418 1138 3518">
    <p class='ocr_par' dir='ltr' id='par_1_5' title="bbox 18 3418 1138 3518">
     <span class='ocr_line' id='line_1_31' title="bbox 18 3418 1138 3518; baseline -0.003 -32"><span class='ocrx_word' id='word_1_233' title='bbox 18 3507 19 3518; x_wconf 15' lang='grc' dir='ltr'>ἢ</span> <span class='ocrx_word' id='word_1_234' title='bbox 138 3420 169 3486; x_wconf 90' lang='grc' dir='ltr'><strong><em>δ’</em></strong></span> <span class='ocrx_word' id='word_1_235' title='bbox 194 3423 277 3499; x_wconf 87' lang='grc' dir='ltr'><strong><em>όλως</em></strong></span> <span class='ocrx_word' id='word_1_236' title='bbox 300 3422 469 3507; x_wconf 82' lang='grc' dir='ltr'><strong><em>ἀφανίζειν</em></strong></span> <span class='ocrx_word' id='word_1_237' title='bbox 491 3420 549 3506; x_wconf 78' lang='grc' dir='ltr'><strong><em>ἱέρ’</em></strong></span> <span class='ocrx_word' id='word_1_238' title='bbox 569 3420 640 3486; x_wconf 90' lang='grc' dir='ltr'><strong><em>ἐσθ’</em></strong></span> <span class='ocrx_word' id='word_1_239' title='bbox 664 3422 682 3486; x_wconf 87' lang='grc' dir='ltr'><strong><em>ό</em></strong></span> <span class='ocrx_word' id='word_1_240' title='bbox 701 3445 731 3486; x_wconf 90' lang='grc' dir='ltr'><strong><em>τι</em></strong></span> <span class='ocrx_word' id='word_1_241' title='bbox 750 3431 809 3486; x_wconf 89' lang='grc' dir='ltr'><strong><em>τοῦ</em></strong></span> <span class='ocrx_word' id='word_1_242' title='bbox 827 3423 958 3486; x_wconf 87' lang='grc' dir='ltr'><strong><em>κόπτειν</em></strong></span> <span class='ocrx_word' id='word_1_243' title='bbox 977 3418 1138 3504; x_wconf 90' lang='grc' dir='ltr'><strong><em>διαφέρει·</em></strong></span> 
     </span>
    </p>
   </div>
   <div class='ocr_carea' id='block_1_6' title="bbox 136 3523 1172 3610">
    <p class='ocr_par' dir='ltr' id='par_1_6' title="bbox 136 3523 1172 3610">
     <span class='ocr_line' id='line_1_32' title="bbox 136 3523 1172 3610; baseline -0.004 -18"><span class='ocrx_word' id='word_1_244' title='bbox 136 3528 261 3594; x_wconf 88' lang='grc' dir='ltr'><strong><em>οὐκοῦν</em></strong></span> <span class='ocrx_word' id='word_1_245' title='bbox 290 3523 387 3604; x_wconf 89' lang='grc' dir='ltr'><strong><em>οὑτος</em></strong></span> <span class='ocrx_word' id='word_1_246' title='bbox 416 3526 639 3610; x_wconf 79' lang='grc' dir='ltr'><strong><em>ἐξελήλεγκται</em></strong></span> <span class='ocrx_word' id='word_1_247' title='bbox 667 3537 764 3593; x_wconf 89' lang='grc' dir='ltr'><strong><em>τοῦτο</em></strong></span> <span class='ocrx_word' id='word_1_248' title='bbox 791 3537 905 3592; x_wconf 86' lang='grc' dir='ltr'><strong><em>ποιῶν.</em></strong></span> <span class='ocrx_word' id='word_1_249' title='bbox 951 3525 1172 3608; x_wconf 82' lang='grc' dir='ltr'><strong><em>ἀυτιθῶμενε</em></strong></span> 
     </span>
    </p>
   </div>
   <div class='ocr_carea' id='block_1_7' title="bbox 0 0 1345 3988">
    <p class='ocr_par' dir='ltr' id='par_1_7' title="bbox 0 0 1345 3988">
     <span class='ocr_line' id='line_1_33' title="bbox 0 0 1345 3988; baseline 0 0"><span class='ocrx_word' id='word_1_250' title='bbox 0 0 1345 3988; x_wconf 95' lang='lat' dir='ltr'><strong><em> </em></strong></span> 
     </span>
    </p>
   </div>
  </div>
 </body>
</html>
