2670 3988
186 207 206 272 8
562 211 611 264 ΙΠ.
631 205 813 267 ΞΕΝΟΦΩΝ.

186 363 206 452 ἦ
231 365 262 434 δ’
287 369 333 452 ὅς,
358 367 434 436 ετότ’
456 370 519 453 ἤδη
544 370 561 436 ὁ
586 372 700 453 δῆμος,
723 361 793 445 οἷος
815 361 887 435 οἷον
909 367 1041 456 θρέμμα
1063 377 1190 450 γεννῶν
1314 359 1321 384 δ

186 475 344 557 ἠσπάζετό
370 498 403 539 τε
427 473 482 540 καὶ
504 470 597 559 ηὖξε,
623 473 677 540 καλ
701 472 1008 559 ὅτιάσθενέστερος
1031 474 1077 538 ὢν
1101 476 1191 559 ίσχυ-

188 579 342 666 ροτέρους
367 580 552 659 egestuoso?
599 581 718 664 (Πῶς,
734 575 776 663 ἦν
800 578 829 645 δ’
852 579 931 663 ἐγώ,
959 576 1087 662 ’λέγειςς
1117 585 1191 643 τολ·

187 687 280 768 μησει
305 687 366 750 τὸν
384 684 505 770 πατέρα
524 684 704 770 βιάζεσθαι,
729 684 790 750 κάν
809 687 853 769 μὴ
871 689 1034 768 πείθηται,
1057 686 1190 750 τύπτειν

188 792 205 858 ὁ
234 791 424 876 τάραννος;’
470 791 578 874 “Ναί’,
610 794 688 876 ἔφη,
717 791 930 875 “οἰφελόμενός
957 814 993 874 γε
1020 792 1059 854 τά
1086 790 1189 855 ὅπλα.’

188 895 436 981 Ἥατραλοίανζ
454 891 496 979 ἧν
516 893 546 960 δ’
565 895 639 979 ἐγώ,
661 896 777 979 “λέγεις
794 897 959 976 τύραννον
976 893 1031 960 καὶ
1048 896 1191 979 χαλεπὸν

188 1004 412 1086 γηροτρόφον,
441 999 494 1066 καὶ
520 1002 564 1077 ὡς
588 1004 673 1067 ἔοικε
696 1011 792 1068 τοῦτο
816 1002 856 1085 δὴ
880 1000 1125 1084 ὁμολογουμένη
1149 1000 1191 1066 δν

188 1109 250 1190 ἤδη
274 1105 429 1192 τυραννὶς
452 1105 525 1190 εἴη]

201 1351 260 1416 ΙΙΙ.
285 1350 425 1418 Socratis
448 1358 481 1417 et
505 1351 665 1417 Critobuli
691 1354 729 1417 de
752 1353 1030 1418 administratione
1052 1351 1174 1417 Persici

514 1457 642 1542 imperii
666 1458 869 1542 colloquium.
889 1479 891 1482 ·

435 1595 570 1665 (Xenoph.
586 1595 784 1650 Oeconomicus
798 1601 829 1664 4,
842 1598 949 1665 4-15.)

156 1751 171 1799 1
257 1731 368 1825 (Ἆρ’,
401 1741 462 1823 ἔφη
495 1739 512 1804 ὁ
548 1739 741 1824 Σωκράτης,
778 1738 837 1822 ’μὴ
870 1741 1103 1824 αἰσχυνθῶμεν
1133 1743 1193 1806 τὸν

191 1850 331 1930 Περσῶν
360 1841 497 1926 βασιλέα
528 1847 750 1929 μιμησασθαις
783 1843 911 1908 ἐκεῖνον
937 1845 999 1927 γάρ
1026 1863 1129 1929 φασιν
1156 1845 1193 1911 ἐν

190 1960 259 2026 τοῖς
280 1953 464 2026 καλλίστοις
488 1973 525 2016 τε
547 1951 602 2014 καί
620 1948 887 2032 ἀναγκαιοτάτοις
904 1949 1090 2032 ἡγούμενον
1107 1946 1193 2016 εἶναι

192 2054 406 2138 ἐπιμελημασι
441 2057 604 2142 γεωργίαν
633 2078 667 2119 τε
696 2052 750 2119 καὶ
779 2056 839 2138 τὴν
868 2056 1047 2138 πολεμικὴν
1075 2055 1193 2141 τέχνην

191 2161 317 2226 τούτων
339 2158 537 2246 ἀμφοτέρων
561 2163 702 2245 ἰσχυρῶς
725 2159 970 2243 ἐπιμελείσθαι.’
1004 2158 1059 2225 καὶ
1077 2161 1096 2227 ὁ
1112 2166 1195 2248 Κρι-

191 2268 349 2348 τόβουλος
376 2265 517 2342 ἀκούσας
547 2277 647 2331 ταῦτα
676 2261 757 2330 εἶπε·
795 2263 872 2330 ’Καὶ
898 2275 995 2331 τοῦτο
1022 2269 1195 2351 πιστεύεις,

192 2368 217 2457 ᾧ
236 2372 419 2455 Σώκρατες,
440 2370 582 2454 βασιλέα
599 2373 658 2436 τὸν
677 2375 818 2455 Περσῶν
836 2375 996 2455 γεωργίας
1012 2394 1044 2436 τι
1064 2389 1195 2438 συνεπι-

154 2490 173 2538 2
192 2474 390 2560 μελείσθαι;’
422 2475 503 2541 Ὧδ’
518 2476 583 2560 ἄν’,
602 2479 664 2561 ἔφη
684 2476 904 2560 όΣωκράτης,
921 2475 1195 2562 “ἐπισκοποῦντες,

194 2576 219 2645 ὦ
238 2583 456 2665 Κριτόβουλε,
480 2588 557 2658 ἴσως
579 2581 621 2647 δν
642 2581 901 2665 καταμάθοιμεν,
923 2587 957 2646 εί
974 2606 1005 2646 τι
1024 2599 1196 2667 συνεπιμε-

101 2743 108 2750 ,
193 2691 304 2750 λείται.
349 2696 416 2750 τῶν
444 2683 503 2770 μὲν
533 2688 596 2771 γάρ
623 2692 809 2771 πολεμικῶν
837 2689 942 2773 ἔργων
969 2686 1195 2772 ὁμολογοῦμεν

193 2792 294 2857 αὐτὸν
318 2793 459 2877 ἰσχυρῶς
482 2791 721 2876 ἐπιμελεῖσθαι,
744 2792 794 2857 ὅτι
817 2791 849 2870 ἐξ
873 2792 1065 2877 ὁπόσωνπερ
1085 2793 1196 2858 ἐθνῶν

195 2899 341 2980 δασμοὺς
378 2897 557 2980 λαμβάνει,
592 2896 704 2982 τέταχε
738 2906 781 2984 τό·
819 2899 952 2981 άρχοντι
990 2895 1113 2987 ἑκάστφ
1149 2900 1196 2975 είς

101 3028 105 3044 ³
194 3002 336 3078 ὁπόσους
366 3002 419 3066 δεῖ
445 3003 575 3067 διδόναι
603 3004 730 3087 τροφὴν
760 3001 874 3078 ίππέας
901 3000 955 3066 καὶ
983 3003 1114 3082 τοξότας
1141 3003 1196 3068 καὶ

195 3107 421 3191 σφενδονήτας
438 3105 493 3174 καὶ
512 3112 748 3192 γερροφόρους,
766 3109 885 3184 οἵτινες
897 3120 964 3174 τῶν
977 3132 1011 3174 τε
1025 3106 1080 3173 ὑπ’
1094 3109 1197 3175 αὐτοῦ

194 3210 384 3299 ἀρχομένων
417 3211 525 3278 ίκανολ
557 3215 687 3278 ἔσονται
717 3224 848 3298 κρατεῖν
876 3217 946 3296 καί,
977 3212 1019 3296 ἣν
1047 3213 1197 3299 πολέμιοι

194 3317 342 3401 ἐπίωσιν,
365 3317 521 3403 άρηξουσι
544 3327 582 3402 τῇ
606 3319 709 3404 χώρᾳ,
732 3317 831 3404 χωρὶς
852 3315 889 3383 δὲ
906 3319 1034 3383 τούτων
1051 3320 1198 3402 φυλακάς

159 3424 231 3489 τόν
260 3435 330 3499 ταῖς
357 3423 552 3507 άκροπόλεσι
582 3421 707 3508 τρέφει·
738 3421 792 3488 καὶ
816 3425 876 3506 τὴν
899 3421 959 3507 μὲν
981 3425 1108 3509 τροφὴν
1130 3435 1199 3501 τοῖς

195 3539 354 3612 φρουροίς
386 3529 524 3591 δίδωσιν
556 3528 573 3592 ὁ
608 3529 738 3613 άρχων,
771 3521 797 3614 ηδ
828 3539 924 3594 τοῦτο
955 3527 1198 3614 προστέτακται,
