2670 3988
520 229 551 280 v.
570 215 802 280 IBOKPATHEj
1113 223 1155 287 15

156 386 314 450 τοιούτων
337 385 424 468 ὅμως
445 379 617 470 ᾑρούμεθα
638 397 707 462 τοῖς
729 383 978 468 ἀσθενεστέροις
996 386 1049 449 καὶ
1068 385 1156 468 παρδι

155 491 191 554 τὸ
215 489 386 574 συμφέρον
408 494 547 574 βοηθεῖν
569 495 696 573 μᾶλλον
718 490 739 574 ή
757 501 825 566 τοῖς
842 494 1003 575 κρείττοσι
1022 499 1081 555 τοῦ
1099 494 1156 553 λυ-

156 599 363 671 σιτελοῦντος
385 594 479 660 ἕνεκα
502 597 702 660 συναδικεῖν.

222 702 322 783 Γνοίη
333 697 373 790 ,δ’
396 701 437 764 ἄν
455 723 504 776 τις
522 698 576 765 καὶ
593 702 652 765 τὸν
669 702 793 784 τρόπον
810 697 864 764 καὶ
882 699 944 782 τήν
962 697 1076 782 ῥώμην
1094 699 1155 781 τήν
1174 713 1190 760 4

155 792 212 886 τής
233 807 357 880 πόλεως
380 804 415 869 ἐκ
437 815 503 869 τῶν
527 805 684 887 ίκετειῶν,
706 804 744 880 ἃς
762 805 826 887 ήδη
845 798 932 878 τινές
948 802 1028 886 ἡμῖν
1047 801 1155 886 έποιή-

156 925 265 974 σαντο.
302 910 358 985 τὰς
379 905 440 992 μὲν
464 904 525 975 οὖν
549 909 568 992 ή
591 910 708 975 νεωστὶ
730 905 949 992 γεγενημένας
971 906 991 990 ή
1011 905 1086 992 περὶ
1104 932 1155 991 μι-

155 1025 244 1095 κρῶν
263 1013 425 1089 ἐλθούσας
442 1016 645 1097 παραλείψω·
663 1016 748 1079 πολὺ
767 1010 804 1078 δὲ
822 1016 885 1096 πρὸ
903 1023 971 1077 τῶν
989 1017 1155 1096 Τρωικῶν,

156 1118 284 1183 ἐκεῖθεν
312 1119 375 1204 γὰρ
398 1120 527 1183 δίκαιον
549 1120 606 1195 τὰς
627 1123 751 1194 πίστεις
773 1119 952 1202 λαμβάνειν
973 1121 1049 1194 τοὺς
1072 1114 1155 1204 ὑπὲρ

154 1235 221 1288 τῶν
243 1227 389 1307 πατρίων
407 1221 702 1308 ἀμφισβητοῦντας,
724 1218 833 1307 ήλθον
852 1225 886 1289 οἵ
900 1220 937 1288 θ’
954 1221 1155 1307 Ἡρακλέους

154 1329 268 1404 παῖδες
296 1327 350 1392 καὶ
376 1332 494 1413 μικρὸν
519 1332 583 1413 πρὸ
610 1331 736 1394 τούτων
754 1327 936 1414 ’Ἄδραστος
962 1329 980 1394 ὁ
1013 1333 1189 1412 Ταλαοῦ,σ

155 1436 309 1516 βασιλεὺς
331 1434 378 1499 ὢν
391 1433 549 1519 Ἄργους,
572 1430 668 1510 οὗτος
690 1430 750 1518 μὲν
774 1434 810 1499 έκ
831 1443 888 1517 τῆς
910 1437 1077 1517 στρατείας
1099 1441 1155 1516 τῆς

156 1536 208 1603 έπλ
236 1540 347 1622 θήβας
378 1541 625 1624 δεδυστυχηκδος
656 1541 711 1604 καὶ
740 1542 817 1615 τοὺς
842 1539 907 1604 ὑπὸ
938 1548 978 1623 τή
1006 1540 1155 1626 Καδμείη

155 1647 407 1727 τελευτήσαντας
429 1645 526 1721 αὐτὸς
544 1641 604 1728 μὲν
624 1644 664 1710 ού
683 1645 866 1728 δυνάμενος
884 1641 1072 1728 ἀνελέσθαι,
1094 1646 1155 1728 τήν

156 1745 193 1813 δὲ
222 1753 321 1815 πόλιν
350 1748 451 1827 ἀξιῶν
476 1754 616 1833 βοηθεῖν
642 1760 713 1825 ταῖς
738 1760 865 1826 κοιναῖς
890 1751 1003 1835 τύχαις
1029 1748 1083 1814 καὶ
1109 1750 1154 1833 μή

155 1863 312 1940 περιορᾶν
338 1857 416 1930 τοὺς
442 1852 479 1919 ἐν
507 1867 575 1930 τοῖς
600 1851 754 1938 πολέμοις
782 1852 1053 1944 ἀποθνῄσκοντας
1079 1853 1155 1918 ἀτύ-

155 1981 239 2042 φους
256 1958 473 2044 γιγνομένους
490 1957 573 2044 μηδὲ
585 1962 726 2025 παλαιὸν
740 1963 818 2036 ἔθος
830 1962 885 2024 καλ
898 1960 1036 2044 πάτριον
1049 1963 1155 2044 νόμον

155 2068 411 2149 καταλυόμενον,
434 2065 469 2130 οί
489 2062 518 2130 δ’
537 2062 738 2149 Ἡρακλέους
759 2067 874 2141 παῖδες
895 2067 1073 2150 φεύγοντες
1094 2066 1154 2148 τήν
1173 2087 1189 2134 6

155 2169 356 2254 Εὐρυσθέως
383 2173 507 2254 ἔχθραν
536 2169 590 2235 καὶ
617 2171 674 2246 τὰς
701 2166 761 2253 μέν
793 2171 893 2246 ἄλλας
920 2173 1031 2246 πόλεις
1057 2170 1155 2254 ὑπερ-

155 2287 295 2358 ορῶντες
322 2276 366 2352 ὡς
392 2275 453 2341 ούκ
480 2275 521 2339 ἀν
550 2273 734 2359 δυναμένας
758 2279 922 2359 βοηθῆσαι
949 2285 1019 2351 ταῖς
1045 2275 1154 2339 αὑτῶν

156 2391 354 2465 συμφοραῖς,
381 2382 441 2464 τήν
468 2378 498 2445 δ’
527 2379 686 2465 ἡμετέραν
715 2381 832 2465 ἱκανήν
858 2383 1044 2464 νομιῖοντες
1069 2375 1155 2445 εἶναι

155 2487 262 2568 μόνην
282 2483 464 2550 ἀποδοῦναι
482 2486 579 2570 χάριν
596 2481 679 2569 ὑπὲρ
699 2478 746 2549 ὧν
765 2485 782 2550 ὁ
801 2485 905 2568 πατήρ
924 2485 1033 2550 αὐτῶν
1052 2486 1155 2550 ἀπαν-

155 2613 213 2666 τας
243 2588 440 2675 ἀνθρώπους
471 2587 690 2673 εὐεργέτησεν.
736 2588 771 2654 έκ
803 2590 844 2672 δή
877 2591 1003 2655 τούτων
1036 2587 1188 2676 ῥᾴδιοντ

155 2695 312 2777 κατιδεῖν,
330 2695 380 2760 ὅτι
398 2693 453 2759 καὶ
471 2692 539 2760 κατ’
559 2694 763 2760 ἐκεῖνοντὸν
780 2697 902 2780 χρόνον
919 2694 939 2777 ἡ
956 2698 1049 2770 πόλις
1062 2695 1154 2778 ήμῶν

155 2799 357 2883 ἡγεμονικῶς
388 2796 467 2886 εἶχε·
498 2804 546 2876 τίς
574 2801 637 2883 γὰρ
664 2799 706 2864 ἀν
734 2800 890 2864 ίκετεύειν
916 2801 1107 2883 τολμήσειεν
1133 2797 1154 2882 ή

155 2906 233 2980 τοὺς
255 2904 372 2986 ήττους
390 2905 410 2988 ή
428 2907 505 2981 τούς
523 2901 580 2988 ὑφ’
604 2901 725 2988 ἑτέροις
744 2905 851 2986 ὄντας,
868 2904 1060 2989 παραλιπὼν
1078 2907 1155 2982 τοὺς

156 3012 252 3091 μείζω
277 3009 418 3092 δύναμιν
442 3011 585 3092 ἔχοντας,
607 3010 714 3084 ἄλλως
734 3031 769 3072 τε
791 3006 938 3092 καὶπερὶ
956 3009 1154 3093 πραγμάτων

155 3113 216 3178 οὐκ
244 3114 340 3178 ίδίων
366 3112 449 3176 ἀλλά
476 3124 597 3178 κοινῶν
624 3111 679 3178 καὶ
706 3115 780 3197 περὶ
803 3107 850 3177 ὧν
873 3110 1012 3189 ούδένας
1034 3115 1154 3191 ἀλλους

155 3221 241 3295 είκὸς
276 3213 318 3301 ήν
355 3215 591 3300 ἐπιμεληθῆναι
626 3219 712 3299 πλήν
748 3219 826 3293 τοὺς
860 3218 1056 3300 προεστάναι
1087 3230 1154 3284 τῶν

74 3393 76 3398 ,
150 3320 317 3406 Ἑλλήνων
339 3321 524 3400 ἀξιοῦντας;
549 3318 646 3386 ἔπειτ’
665 3317 743 3386 οὐδὲ
761 3320 962 3399 ψευσθέντες
978 3327 1153 3406 φαίνονται
1172 3342 1188 3392 8

153 3440 220 3493 τῶν
247 3427 405 3510 ἐλπίδων,
438 3424 482 3491 δι’
509 3427 547 3503 ἃς
572 3425 758 3511 κατέφυγον
787 3425 839 3491 έπλ
866 3430 943 3504 τοὺς
968 3432 1154 3511 προγόνους

152 3533 255 3616 ἡμῶν.
296 3531 488 3615 ἀνελόμενοι
515 3532 578 3616 γάρ
602 3529 747 3616 πόλεμον
768 3528 851 3616 ὑπὲρ
874 3529 934 3616 μὲν
957 3543 1022 3598 τῶν
1044 3539 1152 3599 τελευ-
