2670 3988
507 203 580 256 vm.
599 201 860 255 ιΗαοΣουαΗΣ.
1142 195 1184 262 27

184 382 253 436 ταις
279 357 335 425 καὶ
361 365 438 438 τούς
465 363 606 439 οἰκείους
628 362 794 447 μάρτυρας
815 360 1057 446 παρασχέσθαι·
1087 356 1183 425 καὶὸ

184 487 214 528 τι
232 469 391 550 γνοίησαν
409 466 484 552 περὶ
502 465 595 551 έμοῦ,
612 468 740 544 τούτοις
757 469 882 550 ἤθελον
900 465 1064 550 έμμένειν·
1089 460 1184 540 οὗτος
1204 478 1235 527 11

185 564 231 634 ὧν
258 567 318 654 μέν
346 569 409 655 έγὼ
436 572 692 657 προύκαλούμην
720 568 820 636 οὐδέν
847 570 1036 657 ἐφρόντισε,
1062 571 1123 654 τήν
1146 566 1184 634 δὲ

184 685 296 761 ψῆφον
319 677 422 753 εὐθύς
445 677 558 742 ἐδίδου
580 689 648 753 τοῖς
670 687 812 762 παροῦσι
834 687 900 742 τῶν
924 678 1087 761 δημοτῶν,
1110 670 1178 740 οὐτ’

184 781 364 866 ἀπολογίαν
396 781 469 866 έμοὶ
499 784 579 860 δοὺς
609 783 769 867 οὐδεμίαν
801 780 873 849 οὔτ’
905 785 1038 868 ἔλεγχον
1070 777 1178 848 οὐδέν’

185 885 301 972 ἀκριβῆ
333 890 480 972 ποιήσας.
525 889 560 952 σι’
589 883 626 952 δὲ
658 889 763 977 τούτῳ
794 899 990 964 συνεστῶτες
1018 886 1185 970 ἀναπηδή-

186 1009 300 1069 σαντες
322 993 530 1077 ἐψηφίζοντο.
575 988 693 1076 καλήν
716 990 776 1077 μὲν
800 996 925 1076 σκότος,
947 996 980 1058 οί
1003 989 1040 1058 δέ
1061 991 1185 1076 λαμβά·

184 1122 297 1175 νοντες
329 1100 391 1165 δύο
423 1097 478 1163 καὶ
508 1109 595 1183 τρεῖς
625 1100 756 1182 ψήφους
788 1097 920 1174 ἕκαστος
951 1099 1038 1182 παρὰ
1066 1098 1184 1162 τούτου

185 1202 362 1288 ἐνέβαλλον
386 1206 432 1280 είς
454 1206 512 1269 τὸν
535 1205 702 1268 καδίσκον.
749 1215 883 1288 σημεῖον
906 1202 946 1268 δέ
951 1223 959 1238 ·
985 1203 1020 1268 οί
1039 1198 1099 1286 μέν
1121 1203 1184 1287 γάρ

184 1310 407 1394 ψηφισάμενοι
431 1308 471 1374 οὐ
489 1311 621 1385 πλείους
639 1307 660 1392 ή
678 1307 841 1393 τριάκοντ’
857 1303 953 1392 ήσαν,
972 1309 1009 1371 αί
1025 1305 1062 1372 δὲ
1079 1315 1185 1391 ψῆφοι

184 1415 421 1500 ἠριθμήθησαν
448 1417 581 1489 πλείους
607 1413 628 1498 ή
657 1411 827 1497 ἑξήκοντα,
854 1415 935 1479 ὥστε
958 1413 1081 1488 πάντας
1102 1411 1186 1495 ἡμᾶς

185 1519 393 1604 ἐκπλαγῆναι.
438 1517 492 1584 καλ
514 1516 612 1584 ταῦθ’
635 1519 679 1595 ὡς
701 1519 810 1604 ἀληθῆ
833 1517 932 1603 λέγω,
962 1516 1016 1583 καλ
1039 1517 1089 1582 ὅτι
1112 1514 1180 1582 οὐτ’

185 1625 288 1709 ἐδόθη
320 1625 340 1708 ἡ
373 1633 482 1709 ψῆφος
514 1622 550 1688 έν
582 1625 683 1689 άπασι
714 1628 847 1702 πλείους
877 1622 906 1689 τ’
936 1621 1088 1707 ἐγένοντο
1119 1633 1184 1688 τῶν

185 1729 437 1816 ψηφισαμένων,
461 1730 626 1815 μάρτυρας
646 1730 728 1814 ὑμῖν
749 1729 935 1815 παρέξομαι.

249 1838 294 1900 Ec
314 1832 374 1920 μέν
396 1839 528 1920 τοίνυν,
550 1830 576 1899 ὦ
600 1836 717 1920 ἀνδρες
740 1836 900 1919 δικασταί,
923 1833 1095 1920 συνέβαινε
1116 1847 1184 1912 τοῖς
1203 1847 1235 1896 12

180 1941 401 2026 Ἀλιμουσίοις
428 1943 503 2026 περὶ
533 1940 686 2006 ἁπάντων
715 1951 782 2005 τῶν
809 1942 960 2025 δημοτῶν
987 1942 1185 2025 διαψηφίσα-

186 2054 265 2113 σθαι
288 2046 324 2112 έν
348 2047 455 2132 ἐκείνη
478 2055 516 2131 τῆ
538 2045 658 2134 ἡμέρᾳ,
685 2048 770 2122 είκὸς
791 2040 835 2129 ήν
856 2044 911 2111 καὶ
933 2047 980 2123 είς
1002 2044 1063 2127 ὀψὲ
1084 2051 1184 2133 ψηφί-

186 2156 313 2237 ζεσθαι,
345 2151 390 2218 ἵν’
420 2151 663 2236 ἀπηλλαγμένοι
694 2146 779 2235 ήσαν
809 2157 1003 2235 ποιήσαντες
1034 2154 1073 2217 τὰ
1104 2152 1184 2236 ὑμῖν

185 2255 400 2344 ἐψηφισμένα.
445 2261 477 2324 εί
498 2254 535 2323 δέ
556 2262 689 2334 πλείους
712 2257 732 2342 ή
754 2263 880 2322 είκοσιν
901 2259 1076 2324 ὑπόλοιποι
1098 2252 1183 2341 ήσαν

184 2375 250 2428 τῶν
277 2365 445 2448 δημοτῶν,
470 2361 546 2448 περὶ
573 2357 620 2428 ὧν
648 2365 715 2427 ἔδει
742 2371 781 2448 τῆ
808 2363 963 2450 ὑστεραία
985 2365 1183 2448 διαψηφίσα·

185 2476 281 2552 σθαι,
307 2466 362 2534 καὶ
390 2469 509 2553 ὁμοίως
530 2463 573 2552 ήν
596 2468 720 2552 ἀνάγκη
744 2466 962 2551 συλλέγεσθαι
984 2471 1061 2546 τοὺς
1083 2470 1183 2554 δημό-

184 2599 255 2658 τας,
284 2577 319 2638 τί
342 2568 413 2639 ποτ’
434 2568 476 2657 ήν
503 2575 540 2638 τὸ
564 2569 719 2658 δυσχερὲς
740 2573 932 2659 Εὐβουλίδη
960 2572 1183 2658 ἀναβαλέσθαι

184 2683 231 2757 είς
256 2679 316 2762 τήν
342 2677 517 2763 ὑστεραίαν
544 2675 598 2743 καὶ
624 2676 699 2762 περὶ
726 2676 807 2762 έμοῦ
833 2679 965 2763 πρῶτον
987 2681 1047 2764 τήν
1069 2689 1182 2764 ψῆφον

186 2786 317 2850 διδόναι
338 2794 406 2859 τοῖς
428 2784 596 2867 δημόταις;
627 2784 728 2866 διότι,
751 2778 777 2847 ὦ
800 2785 918 2869 ἀνδρες
940 2786 1101 2868 δικασταί,
1122 2785 1183 2851 οὐκ
1203 2795 1234 2844 13

184 2892 298 2974 ἠγνόει
326 2888 552 2972 Εὐβουλίδης,
584 2887 634 2952 ὅτι
665 2889 697 2952 εί
727 2890 824 2972 λόγος
854 2886 1098 2973 ἀποδοθήσοιτο
1128 2889 1182 2956 καλ

131 3079 134 3086 Α
185 2993 421 3081 παραγένοιντό
449 3016 505 3077 μοι
527 2992 645 3069 πάντες
668 2994 703 3057 οί
723 2995 861 3077 δημόται
883 2992 938 3058 καὶ
959 2995 979 3078 ή
1002 3003 1111 3080 ψῆφος
1133 2998 1182 3060 δι·
1285 3003 1291 3014 ’

185 3105 283 3178 καίως
314 3102 447 3183 δοθείη,
479 3099 628 3183 οὐδαμοῦ
659 3102 862 3184 φανήσονται
894 3100 929 3165 οί
955 3102 1034 3184 μετά
1063 3102 1182 3167 τούτου

185 3209 424 3289 συνεστηκότες.
461 3204 543 3269 ὅθεν
566 3201 595 3268 δ’
621 3200 713 3270 οὗτοι
736 3202 949 3289 συνέστησαν,
971 3203 1075 3290 ταῦτ’,
1099 3207 1183 3273 έπει-

186 3315 248 3378 δδιν
269 3310 344 3397 περὶ
365 3319 425 3376 τοῦ
447 3309 564 3394 γένους
581 3315 673 3392 είπιο,
695 3307 777 3392 τότ’,
799 3309 840 3374 ἀν
858 3308 1019 3395 βούλησθ’
1038 3310 1183 3394 ἀκούειν,

185 3419 257 3504 έρῶ.
296 3427 359 3483 νῦν
382 3412 419 3481 δέ
441 3418 476 3480 τί
495 3417 624 3482 δίκαιον
646 3419 767 3499 νομίζω
789 3413 843 3480 καλ
866 3419 900 3480 τί
918 3418 1182 3503 παρεσκεύασμαι
1202 3427 1235 3475 14

184 3535 308 3606 ποιεῖν,
338 3523 456 3607 ἀνδρες
485 3522 647 3598 δικασταί;
686 3521 788 3598 δεῖξαι
816 3524 898 3606 πρὸς
927 3522 1012 3649 ὑμᾶς
1042 3521 1182 3606 ἐμαυτὸν

966 3621 983 3668 4
