2670 3988
170 219 215 283 40
513 223 545 273 X.
565 221 826 274 ΔΗΜΟΣΘΕΝΗΣ.

171 381 260 445 ἐστιν
291 381 372 446 ἄνευ
403 383 579 465 κηρυκείου
611 382 745 464 βαδίσαι
774 381 832 446 διὰ
863 380 920 456 τὰς
950 380 1016 445 ὑπὸ
1044 377 1172 443 τούτων

120 499 152 547 12
172 482 394 568 ἀνδροληψίας
422 483 478 550 καὶ
506 487 607 561 σύλας
628 481 942 568 κατεσκευασμένας·
971 485 1053 549 ὥστε
1075 491 1114 566 τη
1137 478 1168 564 γ’

171 587 312 677 ἀληθεία
340 601 472 656 σκοπῶν
502 591 543 655 ἄν
573 613 622 667 τις
651 591 743 676 εύροι
772 592 829 666 τὰς
854 590 1005 666 τοιαύτας
1030 590 1173 673 τριήρεις

170 692 231 777 ούχ
258 688 341 776 ὑπὲρ
368 692 462 777 ὑμῶν
485 693 568 759 ἀλλὰ
590 692 667 760 καθ’
689 694 784 777 ὑμῶν
807 693 1069 771 ἐκπεπλευκυίας.
1112 695 1172 757 τὸν

170 798 234 882 γὰρ
263 794 344 883 ὑπὲρ
373 807 430 882 τῆς
456 802 582 876 πόλεως
607 802 804 885 τριήραρχον
832 800 894 865 ούκ
921 798 983 864 ἀπὸ
1010 810 1078 864 τῶν
1104 823 1172 865 κοι-

170 914 239 968 νῶν
265 905 455 988 προσδοκᾶν
482 906 544 990 χρή
567 907 780 989 πλουτήσειν,
807 903 878 971 ἀλλ’
900 905 963 970 ἀπὸ
987 915 1053 970 τῶν
1076 906 1171 969 ἰδίων

170 1009 209 1077 τὰ
245 1017 302 1091 της
336 1013 462 1086 πόλεως
498 1008 764 1095 ἐπανορθώσειν,
800 1015 890 1096 είπερ
923 1012 1012 1075 ἔσται
1043 1033 1074 1074 τι
1105 1019 1171 1074 τῶν

171 1114 316 1179 δεόντων
342 1113 432 1198 ὑμῖν.
477 1115 603 1181 τούτων
632 1113 668 1180 δὲ
692 1113 840 1181 τάναντί’
867 1115 1000 1192 ἕκαστος
1022 1113 1172 1198 ἐγνωκὼς

171 1217 296 1284 ἐκπλεῖ·
326 1219 380 1286 καὶ
409 1219 471 1305 γάρ
498 1243 550 1285 τοι
576 1221 616 1285 τὰ
642 1232 709 1286 τῖον
736 1222 846 1286 αὑτῶν
872 1224 1004 1306 τρόπων
1030 1218 1172 1304 ἁμαρτή-

170 1347 254 1407 ματα
276 1337 347 1402 ταῖς
368 1324 538 1410 ὑμετέραις
560 1325 698 1410 βλάβαις
721 1325 995 1411 ἐπανορθοῦνται.

120 1446 152 1494 13
232 1427 341 1508 ’Ἄξιον
368 1435 484 1496 τοίνυν
511 1429 566 1496 καλ
593 1429 668 1516 περὶ
695 1443 762 1497 τῶν
789 1434 1033 1517 συνειρηκότων
1057 1432 1170 1496 εἰπεῖν.

171 1533 257 1599 οὕτω
290 1535 352 1620 γὰρ
382 1535 545 1618 ἡγοῦνταί
572 1558 659 1612 τινες
690 1534 843 1614 ἐξουσίαν
874 1531 959 1601 εἶναι
990 1538 1084 1621 σφίσι
1116 1534 1171 1601 καὶ

170 1649 278 1703 ποιεῖν
310 1640 328 1704 ό
359 1664 391 1705 τι
422 1641 599 1724 βούλονται
630 1639 685 1706 καὶ
715 1639 823 1724 λέγειν
851 1638 928 1726 παρ’
960 1641 1058 1725 ὑμῖν,
1088 1642 1171 1706 ὥστε

171 1754 237 1808 τῶν
263 1746 335 1809 τότε
363 1746 699 1831 συγκατηγορούντων
731 1743 798 1829 μετ’
829 1742 1087 1831 Ἀριστοφῶντος
1116 1744 1171 1811 καλ

170 1858 297 1933 πικρῶν
324 1851 430 1914 όντων
456 1861 526 1926 τοῖς
550 1853 776 1934 μεμισθωκόσι
797 1851 855 1927 τὰς
876 1854 1086 1936 τριηραρχίας
1107 1862 1171 1918 νῦν

171 1954 346 2018 κελεύουσί
363 1977 450 2031 τινες
472 1955 609 2031 τούτους
631 1965 854 2038 στεφανῶσαι,
880 1953 1054 2021 καῖ’δυοῖν
1076 1955 1169 2021 θύτε-
1290 1975 1298 1988 ·

172 2081 233 2143 ρον
257 2057 457 2144 ἐξελέγχοντ’
481 2059 612 2143 αὑτούς,
634 2058 655 2144 ή
678 2057 744 2125 τότ’
768 2058 913 2136 ἐκείνους
935 2058 1056 2137 ἀδίκως
1074 2077 1171 2127 συκο-

170 2175 372 2249 φαντοῦντες
400 2163 421 2248 ή
450 2174 514 2231 νῦν
543 2162 647 2231 τοῖσδ’
679 2163 733 2230 ἐπὶ
761 2171 872 2253 μισθῷ
901 2175 1171 2250 συνηγοροῦντες.

122 2288 153 2335 14
171 2267 276 2334 ἔπειθ’
299 2270 403 2346 οὕτως
422 2270 620 2356 ὀλιγωροῦσι
638 2281 698 2336 τοῦ
717 2272 828 2336 δοκεῖν
847 2269 997 2348 ἐπιεικεῖς
1014 2267 1100 2350 εἶναι
1117 2269 1171 2337 καὶ

169 2380 336 2452 παντελῶς
362 2376 463 2441 πόλλα
490 2376 637 2461 πάρεργα
663 2378 746 2461 πρὸς
770 2378 809 2441 τὸ
833 2380 948 2460 λαβεῖν
969 2378 1171 2460 νομίζουσιν,

171 2476 249 2544 ὥστ’
281 2480 321 2544 οὐ
357 2484 463 2565 μόνον
495 2492 564 2558 τοῖς
594 2484 755 2566 πρότερον
788 2481 941 2565 ῥηθεῖσιν
971 2477 1029 2566 ὑφ’
1062 2481 1171 2547 αύτῦν

172 2583 305 2649 ἐναντία
330 2591 474 2669 τολμῶσι
498 2588 714 2673 δημηγορεῖν,
740 2585 823 2651 ἀλλὰ
845 2583 900 2650 καὶ
922 2595 986 2652 νῦν
1009 2585 1050 2651 οὐ
1071 2587 1171 2652 ταύτὰ

172 2688 326 2773 λέγουσιν
353 2688 495 2774 ἑαυτοῖς,
522 2691 643 2768 οἵτινες
668 2693 745 2766 τοὺς
772 2686 832 2774 μὲν
854 2691 975 2766 ναύτας
997 2688 1078 2775 φασὶ
1100 2692 1172 2756 δεῖν

172 2798 312 2873 οἰκείους
334 2791 419 2861 εἶναι
441 2806 498 2881 της
519 2798 672 2880 τριήρους
694 2805 750 2880 τής
772 2793 957 2879 ληψομένης
978 2797 1037 2861 τὸν
1055 2793 1171 2881 στέφα-

171 2923 249 2984 νον,
277 2912 343 2966 τῶν
374 2898 410 2966 δέ
438 2901 644 2987 τριηράρχων
674 2904 751 2978 τοὺς
772 2902 1030 2985 ἠλλοτριωκότας
1052 2901 1172 2978 αὑτοὺς

172 3005 235 3072 ἀπὸ
263 3016 319 3090 τής
346 3011 565 3093 λειτουργίας,
594 3007 732 3083 τούτους
759 3016 965 3091 στεφανῶσαι
991 3007 1171 3071 κελεύουσι.

122 3129 154 3179 15
172 3110 226 3178 καὶ
253 3110 335 3196 φασδ
361 3108 422 3196 μέν
449 3112 570 3178 ούδένα
595 3113 722 3178 τούτων
743 3114 904 3197 πρότερον
926 3111 1171 3196 παρασκευάσα-

172 3225 269 3300 σθαι,
292 3218 463 3283 κελεύουσι
485 3215 522 3283 δέ
544 3227 639 3303 κοινή
663 3226 848 3302 στεφανοῦν
870 3215 965 3299 ἡμᾶς,
988 3225 1048 3280 τοῦ
1070 3219 1172 3300 ήιηφί-
1228 3215 1235 3236 '

174 3340 293 3408 σματος
312 3323 352 3388 οὐ
370 3333 470 3389 ταῦτα
489 3322 649 3406 λέγοντος.
683 3321 746 3405 ἐγὼ
766 3318 803 3388 δέ
821 3323 982 3388 τοσούτου
996 3321 1059 3386 δέω
1074 3332 1171 3388 τοῦτο

173 3439 366 3515 συγχωρεῖν,
385 3427 527 3513 ὅσουπερ
545 3427 601 3492 καὶ
614 3426 857 3512 μεμισθωκέναι
871 3429 931 3512 τήν
945 3429 1171 3512 τριηραρχίαν·

174 3533 249 3599 οὔτε
272 3533 334 3617 γὰρ
357 3529 453 3598 τοῦθ’
476 3530 682 3616 ὑπομείναιμ’
706 3531 747 3597 δν
771 3529 840 3597 οὔτ’
863 3529 959 3597 ἐκεῖν’
983 3530 1128 3615 ἐποίησα.
