2670 3988
468 230 526 280 vn.
549 227 835 300 [Δααονοεαεινη
1112 229 1153 294 19
1173 268 1174 272 =

152 387 199 460 είς
216 386 276 468 τῆν
295 385 453 451 ἐπιοῦσαν
471 385 645 470 ἐκκλησίαν
662 386 955 472 ὑπερεξακισχίλιοι
965 385 1153 471 Ἀθηναίων

152 495 361 575 ψηφίσωνται
383 493 531 577 κρύβδην
553 495 780 575 ψηφιζόμενοι.
820 496 897 568 τοὺς
920 488 957 556 δὲ
979 494 1187 578 πρυτάνειςε

152 597 277 660 κελεύει
300 594 428 661 τιθέναι
446 599 524 673 τοὺς
541 599 717 672 καδίσκους
735 598 753 663 6
771 601 872 681 νόμος
889 596 944 662 καί
961 598 1021 680 τῆν
1039 608 1153 682 ψῆφον

153 701 283 766 διδόναι
305 705 476 783 προσιόντι
499 711 543 788 τῷ
568 703 673 790 δῆμφ,
694 699 773 786 πρὶν
791 705 868 777 τοὺς
886 700 999 779 ξένους
1017 700 1153 766 εἰσιέναι

152 804 206 870 καί
235 807 273 870 τά
302 804 404 891 γέρρα
432 805 597 892 ἀναιρεῖν,
627 807 682 870 ἵνα
711 807 824 890 κύριος
851 807 898 870 ὢν
926 807 1024 884 αὐτὸς
1052 807 1153 872 αὑτοῦ

153 911 286 987 ἕκαστος
314 919 471 993 σκοπῆται
499 913 581 994 πρὸς
603 910 720 993 αὑτόν,
748 911 861 976 ὅντινα
884 909 994 994 μέλλει
1016 915 1153 994 πολίτην

152 1020 361 1099 ποιήσεσθαι,
383 1018 414 1080 εἰ
434 1015 524 1093 ἀξιός
547 1014 615 1080 ἐστι
637 1024 694 1098 τῆς
716 1017 854 1099 δωρειᾶς
872 1015 890 1080 δ
909 1013 1037 1099 μέλλων
1056 1017 1153 1097 λῆφε-

153 1127 243 1185 σθαι.
288 1123 397 1186 ἔπειτα
419 1121 499 1204 μετά
521 1130 622 1186 ταῦτα
644 1124 844 1204 παρανόμων
867 1123 998 1205 γραφῆν
1022 1121 1152 1205 ἐποίησε

153 1223 222 1290 κατ’
243 1224 344 1290 αὐτοῦ
367 1234 411 1312 τῷ
434 1223 626 1312 βουλομένῳ
641 1222 840 1307 Ἀθηναίων,
861 1223 917 1289 καί
939 1227 1028 1290 ἔστιν
1051 1228 1153 1290 εἰσελ-

152 1327 245 1396 θόντ’
270 1332 317 1406 εἰς
338 1332 375 1395 τὸ
399 1331 610 1413 δικαστῆριον
634 1327 805 1411 ἐξελέγξαι,
828 1330 872 1406 ὡς
895 1329 955 1394 οὐκ
979 1329 1068 1408 ἀξιός
1085 1331 1153 1396 ἐστι

152 1446 208 1519 τῆς
226 1437 375 1519 δωρειᾶς,
393 1433 475 1499 ἀλλά
493 1435 580 1518 παρά
599 1437 675 1510 τοὺς
688 1438 810 1517 νόμους
821 1431 995 1518 Ἀθηναῖος
1009 1434 1153 1519 γέγονεν.

153 1538 206 1605 καί
237 1541 300 1623 ῆδη
332 1536 397 1603 τισί
416 1547 484 1603 ’τοῦ
515 1540 622 1622 δῆμον
652 1540 769 1615 δόντος
792 1540 851 1622 τῆν
874 1539 1033 1624 δωρειάν,
1064 1543 1186 1627 λόγφε

153 1643 409 1728 ἐξαπατηθέντος
427 1644 491 1708 ὑπὸ
510 1655 576 1708 τῶν
594 1645 786 1727 αἰτούντων,
808 1647 1008 1729 παρανόμων
1026 1654 1153 1730 γραφῆς

152 1748 330 1834 γενομένης
351 1746 406 1814 καὶ
429 1750 644 1832 εἰσελθούσης
666 1751 712 1825 εἰς
729 1751 766 1814 τὸ
786 1751 1007 1834 δικαστῆριον,
1031 1748 1152 1832 ἐξελεγ-

153 1862 274 1940 χθῆναι
302 1852 423 1936 συνέβη
451 1855 509 1918 τὸν
537 1854 691 1936 εἰληφότα
723 1854 783 1936 τῆν
815 1854 956 1938 δωρειάν
987 1856 1030 1938 μῆ
1060 1854 1152 1931 ἀξιον

153 1955 237 2024 εἶναι
260 1959 374 2042 αὐτῆς,
403 1955 457 2022 καί
480 1957 631 2041 ἀφείλετο
654 1959 691 2022 τὸ
714 1959 933 2042 δικαστήριον.
978 1959 1065 2023 ούτω
1086 1963 1152 2024 τοί-

152 2083 215 2130 νυν
237 2068 343 2140 καλῶς
364 2061 418 2127 καί
442 2065 582 2147 ἰσχυρῶς
603 2074 670 2128 τῶν
689 2065 802 2146 νόμων
819 2060 978 2145 κειμένων
996 2059 1078 2148 ὑπὲρ
1097 2074 1154 2147 τῆς

152 2171 326 2251 πολιτείας,
349 2167 390 2232 δι’
415 2162 462 2232 ὧν
486 2169 538 2231 δελ
551 2165 729 2251 Ἀθηναίου
747 2165 915 2250 γενέσθαι,
938 2167 1046 2253 ἕτερός
1064 2167 1153 2233 ἐστιν

152 2271 203 2358 ἐφ’
227 2275 327 2339 ἅπασι
354 2274 483 2348 τούτοις
508 2274 708 2357 κυριώτατος
729 2275 830 2356 νόμος
852 2276 1008 2355 κείμενος.
1054 2273 1152 2349 ὅσους
1171 2289 1187 2336 4

152 2380 215 2462 γὰρ
244 2377 285 2442 ἀν
314 2380 488 2461 ποιήσηται
518 2377 535 2442 6
566 2378 669 2460 δῆμος
696 2378 714 2443 6
738 2374 925 2460 Ἀθηναίων
953 2381 1102 2461 πολίτας,
1134 2378 1152 2443 6

152 2486 252 2566 νόμος
283 2481 479 2567 ἀπαγορεύει
511 2482 694 2566 διαρρήδην
726 2482 770 2564 μῆ
800 2480 919 2559 ἐξεῖναι
949 2481 1059 2558 αὐτοῖς
1087 2493 1153 2548 τῶν

152 2584 246 2653 έννέα
279 2586 448 2671 ἀρχόντων
482 2584 637 2669 γενέσθαι
671 2580 754 2668 μηδὲ
787 2586 967 2668 ἱερωσύνης
995 2588 1153 2670 μηδεμιᾶς

152 2702 337 2777 μετασχεῖν·
366 2701 434 2766 τοίς
461 2687 491 2754 δ’
513 2689 549 2754 έκ
571 2691 696 2755 τούτων
719 2688 900 2773 μετέδωκεν
922 2691 986 2773 ῆδη
1010 2691 1028 2756 6
1052 2693 1154 2774 δῆμος

152 2796 304 2861 ἁπάντων
326 2793 380 2860 καί
402 2793 621 2878 προσέθηκεν,
645 2794 703 2859 έάν
726 2789 807 2859 ὦσιν
828 2794 864 2859 έκ
883 2797 1038 2876 γυναικὸς
1056 2793 1154 2876 ἀστῆς

151 2900 206 2966 καὶ
233 2899 390 2984 ἐγγυητῆς
416 2901 496 2964 κατά
522 2901 582 2964 τὸν
608 2902 722 2983 νόμον.
767 2897 821 2964 καί
849 2899 899 2964 ότι
925 2897 1015 2964 ταῦτ’
1043 2898 1152 2983 ἀληθῆ

151 3004 246 3088 λέγω,
264 3005 388 3090 μεγάλη
401 3002 456 3068 καί
469 3015 645 3088 περιφανεῖ
656 3005 817 3088 μαρτυρίᾳ
832 3001 895 3084 ἐγὼ
909 3002 992 3086 ὑμῖν
1007 3003 1152 3086 δηλώσω.

216 3114 392 3185 Πλαταιεῖς
409 3109 484 3192 γάρ,
507 3104 532 3172 ὦ
552 3109 669 3192 ἀνδρες
683 3105 865 3191 Ἀθηναῖοι,
883 3111 981 3190 μόνοι
1002 3118 1067 3172 τῶν
1081 3104 1152 3171 Ἑλ·
1171 3122 1187 3170 5

151 3218 260 3298 λῆνων
283 3214 362 3298 ὑμῖν
385 3214 573 3297 έβοῆθησαν
592 3211 839 3296 Μαραθῶνάδε,
862 3213 914 3276 ὅτε
936 3216 1039 3288 Δᾶτις
1059 3211 1076 3276 6
1095 3214 1153 3294 βα-

151 3318 266 3395 σιλέως
301 3323 448 3402 Δαρείου
485 3320 663 3403 στρατηγὸς
698 3316 879 3401 ἀναχωρῶν
915 3315 948 3394 ἐξ
980 3313 1153 3401 Ἐρετρίας,

150 3426 297 3508 Εὔβοιαν
320 3421 377 3507 ὑφ’
399 3421 504 3510 ἑαυτβ
523 3423 752 3504 ποιησάμενος,
775 3420 878 3505 ἀπέβη
900 3423 946 3497 εἰς
963 3421 1025 3504 τῆν
1043 3422 1153 3503 χώραν

149 3534 254 3614 πολλῆ
290 3528 428 3612 δυνάμει
464 3524 518 3591 καί
556 3526 700 3612 ἐπόρθει.
750 3524 804 3590 καὶ
837 3529 882 3590 ἔτι
915 3522 970 3589 καί
1003 3534 1066 3589 νῦν
1097 3533 1154 3607 τῆς

959 3627 995 3678 3*
