<?xml version="1.0" encoding="UTF-8"?>
<!DOCTYPE html PUBLIC "-//W3C//DTD XHTML 1.0 Transitional//EN"
    "http://www.w3.org/TR/xhtml1/DTD/xhtml1-transitional.dtd">
<html xmlns="http://www.w3.org/1999/xhtml" xml:lang="en" lang="en">
 <head>
  <title>
</title>
<meta http-equiv="Content-Type" content="text/html;charset=utf-8" />
  <meta name='ocr-system' content='tesseract 3.04.00' />
  <meta name='ocr-capabilities' content='ocr_page ocr_carea ocr_par ocr_line ocrx_word'/>
</head>
<body>
  <div class='ocr_page' id='page_1' title='image "./florilegiumgrae00petegoog_0048.png"; bbox 0 0 2670 3988; ppageno 0'>
   <div class='ocr_carea' id='block_1_1' title="bbox 163 177 831 246">
    <p class='ocr_par' dir='ltr' id='par_1_1' title="bbox 163 177 831 246">
     <span class='ocr_line' id='line_1_1' title="bbox 163 177 831 246; baseline 0.001 -10"><span class='ocrx_word' id='word_1_1' title='bbox 163 185 206 246; x_wconf 90' lang='grc'><em>44</em></span> <span class='ocrx_word' id='word_1_2' title='bbox 492 186 552 236; x_wconf 89' lang='lat' dir='ltr'>XII.</span> <span class='ocrx_word' id='word_1_3' title='bbox 571 177 831 237; x_wconf 79' lang='grc' dir='ltr'><strong>ΔΗΜΟΣΘΕΝΗΣ.</strong></span> 
     </span>
    </p>
   </div>
   <div class='ocr_carea' id='block_1_2' title="bbox 57 339 1173 1584">
    <p class='ocr_par' dir='ltr' id='par_1_2' title="bbox 57 339 1165 435">
     <span class='ocr_line' id='line_1_2' title="bbox 57 339 1165 435; baseline 0 -27"><span class='ocrx_word' id='word_1_4' title='bbox 57 341 354 435; x_wconf 46' lang='grc' dir='ltr'><em>ᾖξ’ᾗήῇῧδαιμονίους</em></span> <span class='ocrx_word' id='word_1_5' title='bbox 380 347 541 428; x_wconf 84' lang='grc' dir='ltr'><em>πόλεμον,</em></span> <span class='ocrx_word' id='word_1_6' title='bbox 569 342 621 407; x_wconf 78' lang='grc' dir='ltr'><em>ὅτε</em></span> <span class='ocrx_word' id='word_1_7' title='bbox 650 339 710 426; x_wconf 72' lang='grc' dir='ltr'><em>μὲν</em></span> <span class='ocrx_word' id='word_1_8' title='bbox 737 353 818 420; x_wconf 85' lang='grc' dir='ltr'><strong><em>ναῦς</em></strong></span> <span class='ocrx_word' id='word_1_9' title='bbox 841 342 901 408; x_wconf 90' lang='grc' dir='ltr'><em>ούκ</em></span> <span class='ocrx_word' id='word_1_10' title='bbox 923 340 1058 408; x_wconf 78' lang='grc' dir='ltr'><strong><em>ἐδοκεῖτ’</em></strong></span> <span class='ocrx_word' id='word_1_11' title='bbox 1085 341 1165 408; x_wconf 90' lang='grc' dir='ltr'><em>ἀπο-</em></span> 
     </span>
    </p>

    <p class='ocr_par' dir='ltr' id='par_1_3' title="bbox 89 445 1164 533">
     <span class='ocr_line' id='line_1_3' title="bbox 89 445 1164 533; baseline 0 -21"><span class='ocrx_word' id='word_1_12' title='bbox 89 450 128 488; x_wconf 68' lang='grc'><em>378</em></span> <span class='ocrx_word' id='word_1_13' title='bbox 163 453 285 513; x_wconf 85' lang='grc' dir='ltr'><em>στεῖλαι</em></span> <span class='ocrx_word' id='word_1_14' title='bbox 313 451 533 532; x_wconf 87' lang='grc' dir='ltr'><em>δυνήσεσθαι,</em></span> <span class='ocrx_word' id='word_1_15' title='bbox 560 459 628 524; x_wconf 84' lang='grc' dir='ltr'><em>πῶς</em></span> <span class='ocrx_word' id='word_1_16' title='bbox 657 445 792 512; x_wconf 81' lang='grc' dir='ltr'><em>διέκειθ’</em></span> <span class='ocrx_word' id='word_1_17' title='bbox 815 448 835 530; x_wconf 85' lang='grc' dir='ltr'><em>ή</em></span> <span class='ocrx_word' id='word_1_18' title='bbox 858 452 961 524; x_wconf 89' lang='grc' dir='ltr'><em>πόλις.</em></span> <span class='ocrx_word' id='word_1_19' title='bbox 1007 446 1068 513; x_wconf 75' lang='grc' dir='ltr'><em>ἴστ’</em></span> <span class='ocrx_word' id='word_1_20' title='bbox 1091 448 1164 533; x_wconf 88' lang='grc' dir='ltr'><em>ὀρό-</em></span> 
     </span>
    </p>

    <p class='ocr_par' dir='ltr' id='par_1_4' title="bbox 58 550 1168 646">
     <span class='ocr_line' id='line_1_4' title="bbox 58 550 1168 646; baseline -0.002 -28"><span class='ocrx_word' id='word_1_21' title='bbox 58 552 245 646; x_wconf 47' lang='grc' dir='ltr'><em>(ξζῑῦθήξβονς</em></span> <span class='ocrx_word' id='word_1_22' title='bbox 277 555 372 628; x_wconf 89' lang='grc' dir='ltr'><em>όντας</em></span> <span class='ocrx_word' id='word_1_23' title='bbox 402 554 531 629; x_wconf 80' lang='grc' dir='ltr'><strong><em>ὠνίους.</em></strong></span> <span class='ocrx_word' id='word_1_24' title='bbox 581 551 691 635; x_wconf 85' lang='grc' dir='ltr'><em>ἐπειδή</em></span> <span class='ocrx_word' id='word_1_25' title='bbox 722 550 753 617; x_wconf 86' lang='grc' dir='ltr'><em>δ’</em></span> <span class='ocrx_word' id='word_1_26' title='bbox 781 551 1004 634; x_wconf 78' lang='grc' dir='ltr'><em>ἀπεστείλατε,</em></span> <span class='ocrx_word' id='word_1_27' title='bbox 1034 554 1168 635; x_wconf 76' lang='grc' dir='ltr'><em>εἰρήνης</em></span> 
     </span>
    </p>

    <p class='ocr_par' dir='ltr' id='par_1_5' title="bbox 71 652 1167 742">
     <span class='ocr_line' id='line_1_5' title="bbox 71 652 1167 742; baseline -0.002 -20"><span class='ocrx_word' id='word_1_28' title='bbox 71 661 110 698; x_wconf 68' lang='lat'><em>³³4</em></span> <span class='ocrx_word' id='word_1_29' title='bbox 128 677 144 722; x_wconf 83' lang='lat'>9</span> <span class='ocrx_word' id='word_1_30' title='bbox 163 652 292 742; x_wconf 79' lang='grc' dir='ltr'><em>ἐτύχεθ’</em></span> <span class='ocrx_word' id='word_1_31' title='bbox 324 658 438 732; x_wconf 85' lang='grc' dir='ltr'><em>ὁποίας</em></span> <span class='ocrx_word' id='word_1_32' title='bbox 474 657 563 732; x_wconf 89' lang='grc' dir='ltr'><em>τινὸς</em></span> <span class='ocrx_word' id='word_1_33' title='bbox 594 657 787 739; x_wconf 85' lang='grc' dir='ltr'><em>ήβούλεσθε.</em></span> <span class='ocrx_word' id='word_1_34' title='bbox 841 658 922 721; x_wconf 82' lang='grc' dir='ltr'><em>ὥστε</em></span> <span class='ocrx_word' id='word_1_35' title='bbox 955 658 1102 739; x_wconf 76' lang='grc' dir='ltr'><strong><em>δικαίως,</em></strong></span> <span class='ocrx_word' id='word_1_36' title='bbox 1139 652 1167 720; x_wconf 81' lang='grc' dir='ltr'><em>ὦ</em></span> 
     </span>
    </p>

    <p class='ocr_par' dir='ltr' id='par_1_6' title="bbox 163 759 1165 848">
     <span class='ocr_line' id='line_1_6' title="bbox 163 759 1165 848; baseline 0 -22"><span class='ocrx_word' id='word_1_37' title='bbox 163 763 280 848; x_wconf 87' lang='grc' dir='ltr'><em>ἀνδρες</em></span> <span class='ocrx_word' id='word_1_38' title='bbox 299 760 483 846; x_wconf 89' lang='grc' dir='ltr'><em>Ἀθηναῖοι,</em></span> <span class='ocrx_word' id='word_1_39' title='bbox 505 762 701 845; x_wconf 78' lang='grc' dir='ltr'><em>τηλικαύτην</em></span> <span class='ocrx_word' id='word_1_40' title='bbox 726 761 872 846; x_wconf 84' lang='grc' dir='ltr'><strong><em>ἐχουσῶν</em></strong></span> <span class='ocrx_word' id='word_1_41' title='bbox 896 762 1001 846; x_wconf 81' lang='grc' dir='ltr'><em>ῥοπήν</em></span> <span class='ocrx_word' id='word_1_42' title='bbox 1020 760 1070 846; x_wconf 81' lang='grc' dir='ltr'><em>ἐφ’</em></span> <span class='ocrx_word' id='word_1_43' title='bbox 1093 759 1165 826; x_wconf 53' lang='grc' dir='ltr'><em>ἕκάψ</em></span> 
     </span>
    </p>

    <p class='ocr_par' dir='ltr' id='par_1_7' title="bbox 162 865 1169 952">
     <span class='ocr_line' id='line_1_7' title="bbox 162 865 1169 952; baseline 0 -22"><span class='ocrx_word' id='word_1_44' title='bbox 162 889 238 950; x_wconf 90' lang='grc' dir='ltr'><em>τερα</em></span> <span class='ocrx_word' id='word_1_45' title='bbox 265 878 332 932; x_wconf 80' lang='grc' dir='ltr'><em>τῶν</em></span> <span class='ocrx_word' id='word_1_46' title='bbox 358 869 517 952; x_wconf 80' lang='grc' dir='ltr'><em>τριήροιν,</em></span> <span class='ocrx_word' id='word_1_47' title='bbox 545 876 662 932; x_wconf 81' lang='grc' dir='ltr'><em>τοῦτον</em></span> <span class='ocrx_word' id='word_1_48' title='bbox 691 865 771 951; x_wconf 79' lang='grc' dir='ltr'><em>ὅρον</em></span> <span class='ocrx_word' id='word_1_49' title='bbox 798 870 964 931; x_wconf 78' lang='grc' dir='ltr'><em>τεθείκατε</em></span> <span class='ocrx_word' id='word_1_50' title='bbox 987 876 1025 952; x_wconf 80' lang='grc' dir='ltr'><em>τη</em></span> <span class='ocrx_word' id='word_1_51' title='bbox 1049 870 1169 950; x_wconf 78' lang='grc' dir='ltr'><em>βουλή,</em></span> 
     </span>
    </p>

    <p class='ocr_par' dir='ltr' id='par_1_8' title="bbox 162 969 1168 1056">
     <span class='ocr_line' id='line_1_8' title="bbox 162 969 1168 1056; baseline -0.002 -20"><span class='ocrx_word' id='word_1_52' title='bbox 162 969 270 1052; x_wconf 80' lang='grc' dir='ltr'><em>πότερ’</em></span> <span class='ocrx_word' id='word_1_53' title='bbox 298 971 401 1054; x_wconf 84' lang='grc' dir='ltr'><em>αὐτήν</em></span> <span class='ocrx_word' id='word_1_54' title='bbox 432 974 485 1036; x_wconf 89' lang='grc' dir='ltr'><em>δεῖ</em></span> <span class='ocrx_word' id='word_1_55' title='bbox 512 975 625 1056; x_wconf 79' lang='grc' dir='ltr'><em>λαβεῖν</em></span> <span class='ocrx_word' id='word_1_56' title='bbox 655 972 716 1053; x_wconf 85' lang='grc' dir='ltr'><em>τήν</em></span> <span class='ocrx_word' id='word_1_57' title='bbox 746 972 888 1056; x_wconf 82' lang='grc' dir='ltr'><em>δωρειὰν</em></span> <span class='ocrx_word' id='word_1_58' title='bbox 911 972 931 1056; x_wconf 84' lang='grc' dir='ltr'><em>ή</em></span> <span class='ocrx_word' id='word_1_59' title='bbox 955 973 1005 1037; x_wconf 85' lang='grc' dir='ltr'><em>ού.</em></span> <span class='ocrx_word' id='word_1_60' title='bbox 1050 974 1081 1036; x_wconf 91' lang='grc' dir='ltr'><em>εί</em></span> <span class='ocrx_word' id='word_1_61' title='bbox 1102 973 1168 1055; x_wconf 89' lang='grc' dir='ltr'><em>γάρ</em></span> 
     </span>
    </p>

    <p class='ocr_par' dir='ltr' id='par_1_9' title="bbox 162 1071 1166 1162">
     <span class='ocr_line' id='line_1_9' title="bbox 162 1071 1166 1162; baseline 0 -20"><span class='ocrx_word' id='word_1_62' title='bbox 162 1078 268 1142; x_wconf 88' lang='grc' dir='ltr'><em>πάντα</em></span> <span class='ocrx_word' id='word_1_63' title='bbox 290 1079 392 1141; x_wconf 87' lang='grc' dir='ltr'><em>τάλλα</em></span> <span class='ocrx_word' id='word_1_64' title='bbox 415 1079 591 1159; x_wconf 72' lang='grc' dir='ltr'><em>διοικήσειε</em></span> <span class='ocrx_word' id='word_1_65' title='bbox 614 1082 731 1159; x_wconf 80' lang='grc' dir='ltr'><em>καλῶς,</em></span> <span class='ocrx_word' id='word_1_66' title='bbox 755 1073 798 1142; x_wconf 89' lang='grc' dir='ltr'><em>δι’</em></span> <span class='ocrx_word' id='word_1_67' title='bbox 822 1071 869 1142; x_wconf 83' lang='grc' dir='ltr'><em>ὧν</em></span> <span class='ocrx_word' id='word_1_68' title='bbox 892 1073 929 1142; x_wconf 73' lang='grc' dir='ltr'><em>δὲ</em></span> <span class='ocrx_word' id='word_1_69' title='bbox 951 1080 988 1142; x_wconf 92' lang='grc' dir='ltr'><em>τό</em></span> <span class='ocrx_word' id='word_1_70' title='bbox 1006 1075 1033 1142; x_wconf 93' lang='grc' dir='ltr'><em>τ’</em></span> <span class='ocrx_word' id='word_1_71' title='bbox 1057 1077 1089 1155; x_wconf 77' lang='grc' dir='ltr'><em>ἐξ</em></span> <span class='ocrx_word' id='word_1_72' title='bbox 1109 1077 1166 1162; x_wconf 46' lang='grc' dir='ltr'><em>ἀρα</em></span> 
     </span>
    </p>

    <p class='ocr_par' dir='ltr' id='par_1_10' title="bbox 163 1178 1169 1266">
     <span class='ocr_line' id='line_1_10' title="bbox 163 1178 1169 1266; baseline 0 -20"><span class='ocrx_word' id='word_1_73' title='bbox 163 1191 220 1266; x_wconf 84' lang='grc' dir='ltr'><em>χής</em></span> <span class='ocrx_word' id='word_1_74' title='bbox 250 1178 339 1248; x_wconf 86' lang='grc' dir='ltr'><em>ταῦτ’</em></span> <span class='ocrx_word' id='word_1_75' title='bbox 370 1179 576 1266; x_wconf 73' lang='grc' dir='ltr'><em>ἐκτησάμεθα</em></span> <span class='ocrx_word' id='word_1_76' title='bbox 606 1179 661 1244; x_wconf 79' lang='grc' dir='ltr'><em>καὶ</em></span> <span class='ocrx_word' id='word_1_77' title='bbox 690 1190 753 1245; x_wconf 86' lang='grc' dir='ltr'><em>νῦν</em></span> <span class='ocrx_word' id='word_1_78' title='bbox 783 1178 943 1266; x_wconf 82' lang='grc' dir='ltr'><em>σςύζομεν,</em></span> <span class='ocrx_word' id='word_1_79' title='bbox 974 1183 1094 1258; x_wconf 90' lang='grc' dir='ltr'><em>ταύτας</em></span> <span class='ocrx_word' id='word_1_80' title='bbox 1121 1185 1169 1266; x_wconf 78' lang='grc' dir='ltr'><em>μὴ</em></span> 
     </span>
    </p>

    <p class='ocr_par' dir='ltr' id='par_1_11' title="bbox 163 1283 1168 1372">
     <span class='ocr_line' id='line_1_11' title="bbox 163 1283 1168 1372; baseline 0.003 -21"><span class='ocrx_word' id='word_1_81' title='bbox 163 1290 350 1370; x_wconf 89' lang='grc' dir='ltr'><em>ποιήσαιτο,</em></span> <span class='ocrx_word' id='word_1_82' title='bbox 378 1289 434 1363; x_wconf 77' lang='grc' dir='ltr'><em>τὰς</em></span> <span class='ocrx_word' id='word_1_83' title='bbox 456 1291 599 1372; x_wconf 80' lang='grc' dir='ltr'><em>τριήρεις</em></span> <span class='ocrx_word' id='word_1_84' title='bbox 622 1284 723 1369; x_wconf 77' lang='grc' dir='ltr'><em>λέγει,</em></span> <span class='ocrx_word' id='word_1_85' title='bbox 751 1283 850 1351; x_wconf 72' lang='grc' dir='ltr'><em>οὐδὲν</em></span> <span class='ocrx_word' id='word_1_86' title='bbox 874 1285 1009 1352; x_wconf 84' lang='grc' dir='ltr'><em>ἐκείνων</em></span> <span class='ocrx_word' id='word_1_87' title='bbox 1033 1289 1168 1371; x_wconf 61' lang='grc' dir='ltr'><em>ὄφελος</em></span> 
     </span>
    </p>

    <p class='ocr_par' dir='ltr' id='par_1_12' title="bbox 163 1389 1173 1584">
     <span class='ocr_line' id='line_1_12' title="bbox 163 1389 1173 1477; baseline 0.003 -21"><span class='ocrx_word' id='word_1_88' title='bbox 163 1393 223 1475; x_wconf 87' lang='grc' dir='ltr'><em>τήν</em></span> <span class='ocrx_word' id='word_1_89' title='bbox 255 1394 317 1477; x_wconf 86' lang='grc' dir='ltr'><em>γάρ</em></span> <span class='ocrx_word' id='word_1_90' title='bbox 348 1404 415 1457; x_wconf 84' lang='grc' dir='ltr'><em>τῶν</em></span> <span class='ocrx_word' id='word_1_91' title='bbox 446 1392 534 1457; x_wconf 83' lang='grc' dir='ltr'><em>ὅλων</em></span> <span class='ocrx_word' id='word_1_92' title='bbox 567 1395 731 1476; x_wconf 87' lang='grc' dir='ltr'><em>σωτηρίαν</em></span> <span class='ocrx_word' id='word_1_93' title='bbox 762 1402 894 1476; x_wconf 84' lang='grc' dir='ltr'><em>πρῶτον</em></span> <span class='ocrx_word' id='word_1_94' title='bbox 925 1389 1085 1477; x_wconf 76' lang='grc' dir='ltr'><em>ὑπάρχειν</em></span> <span class='ocrx_word' id='word_1_95' title='bbox 1116 1395 1173 1459; x_wconf 88' lang='grc' dir='ltr'><em>δεῖ</em></span> 
     </span>
     <span class='ocr_line' id='line_1_13' title="bbox 163 1495 665 1584; baseline -0.002 -23"><span class='ocrx_word' id='word_1_96' title='bbox 163 1495 470 1581; x_wconf 80' lang='grc' dir='ltr'><em>παρεσκευασμένην</em></span> <span class='ocrx_word' id='word_1_97' title='bbox 494 1505 538 1583; x_wconf 77' lang='grc' dir='ltr'><em>τῷ</em></span> <span class='ocrx_word' id='word_1_98' title='bbox 563 1498 665 1584; x_wconf 77' lang='grc' dir='ltr'><em>δήμῳ.</em></span> 
     </span>
    </p>
   </div>
   <div class='ocr_carea' id='block_1_3' title="bbox 186 1739 1144 2004">
    <p class='ocr_par' dir='ltr' id='par_1_13' title="bbox 186 1739 1144 2004">
     <span class='ocr_line' id='line_1_14' title="bbox 186 1739 1144 1826; baseline 0.002 -20"><span class='ocrx_word' id='word_1_99' title='bbox 186 1741 256 1806; x_wconf 86' lang='grc' dir='ltr'><em>ΧΠ.</em></span> <span class='ocrx_word' id='word_1_100' title='bbox 284 1741 401 1805; x_wconf 82' lang='lat' dir='ltr'><strong>Midiae</strong></span> <span class='ocrx_word' id='word_1_101' title='bbox 424 1741 459 1804; x_wconf 88' lang='lat' dir='ltr'><em>in</em></span> <span class='ocrx_word' id='word_1_102' title='bbox 481 1739 731 1804; x_wconf 78' lang='lat' dir='ltr'><strong>Demosthenem</strong></span> <span class='ocrx_word' id='word_1_103' title='bbox 755 1742 930 1826; x_wconf 81' lang='lat' dir='ltr'>choragum</span> <span class='ocrx_word' id='word_1_104' title='bbox 953 1741 1144 1808; x_wconf 86' lang='lat' dir='ltr'><strong>iniuriarum</strong></span> 
     </span>
     <span class='ocr_line' id='line_1_15' title="bbox 240 1836 1086 1921; baseline 0.002 -19"><span class='ocrx_word' id='word_1_105' title='bbox 240 1837 409 1902; x_wconf 79' lang='lat' dir='ltr'><strong>enarratio.</strong></span> <span class='ocrx_word' id='word_1_106' title='bbox 446 1836 562 1900; x_wconf 83' lang='lat' dir='ltr'>Midias</span> <span class='ocrx_word' id='word_1_107' title='bbox 587 1859 660 1900; x_wconf 87' lang='lat' dir='ltr'><em>oum</em></span> <span class='ocrx_word' id='word_1_108' title='bbox 683 1837 850 1903; x_wconf 79' lang='lat' dir='ltr'><strong>Alcibiade</strong></span> <span class='ocrx_word' id='word_1_109' title='bbox 874 1845 1086 1921; x_wconf 82' lang='lat' dir='ltr'><strong>eomparatur.</strong></span> 
     </span>
     <span class='ocr_line' id='line_1_16' title="bbox 411 1949 911 2004; baseline 0.004 -2"><span class='ocrx_word' id='word_1_110' title='bbox 411 1949 488 2004; x_wconf 88' lang='lat' dir='ltr'><strong>Dem.</strong></span> <span class='ocrx_word' id='word_1_111' title='bbox 506 1949 569 2002; x_wconf 83' lang='lat' dir='ltr'><em>XXI</em></span> <span class='ocrx_word' id='word_1_112' title='bbox 590 1955 611 2003; x_wconf 90' lang='lat'><em>1.</em></span> <span class='ocrx_word' id='word_1_113' title='bbox 633 1955 743 2003; x_wconf 82' lang='lat'>13-18.</span> <span class='ocrx_word' id='word_1_114' title='bbox 765 1954 911 2004; x_wconf 82' lang='lat'>143-150.</span> 
     </span>
    </p>
   </div>
   <div class='ocr_carea' id='block_1_4' title="bbox 166 2052 1171 2479">
    <p class='ocr_par' dir='ltr' id='par_1_14' title="bbox 166 2052 1171 2479">
     <span class='ocr_line' id='line_1_17' title="bbox 236 2052 1170 2123; baseline 0.003 -16"><span class='ocrx_word' id='word_1_115' title='bbox 236 2054 436 2108; x_wconf 75' lang='lat' dir='ltr'><strong>Demosthenes</strong></span> <span class='ocrx_word' id='word_1_116' title='bbox 450 2052 567 2106; x_wconf 82' lang='lat' dir='ltr'><strong>Midiam</strong></span> <span class='ocrx_word' id='word_1_117' title='bbox 586 2055 663 2106; x_wconf 73' lang='lat' dir='ltr'><strong>emta</strong></span> <span class='ocrx_word' id='word_1_118' title='bbox 680 2053 800 2120; x_wconf 81' lang='lat' dir='ltr'><strong>quadem</strong></span> <span class='ocrx_word' id='word_1_119' title='bbox 815 2054 933 2108; x_wconf 77' lang='lat' dir='ltr'><strong>aetionis</strong></span> <span class='ocrx_word' id='word_1_120' title='bbox 947 2054 1076 2122; x_wconf 77' lang='lat' dir='ltr'><strong>formula,</strong></span> <span class='ocrx_word' id='word_1_121' title='bbox 1094 2071 1170 2123; x_wconf 78' lang='lat' dir='ltr'><strong>quse</strong></span> 
     </span>
     <span class='ocr_line' id='line_1_18' title="bbox 166 2123 1171 2196; baseline 0.002 -18"><span class='ocrx_word' id='word_1_122' title='bbox 166 2125 280 2195; x_wconf 87' lang='lat' dir='ltr'><strong>probole</strong></span> <span class='ocrx_word' id='word_1_123' title='bbox 308 2128 334 2192; x_wconf 66' lang='grc' dir='ltr'><em>(ξ</em></span> <span class='ocrx_word' id='word_1_124' title='bbox 360 2132 372 2178; x_wconf 89' lang='grc'>1</span> <span class='ocrx_word' id='word_1_125' title='bbox 396 2123 615 2196; x_wconf 79' lang='grc' dir='ltr'><em>προβάλλεσθαι)</em></span> <span class='ocrx_word' id='word_1_126' title='bbox 643 2124 806 2191; x_wconf 76' lang='lat' dir='ltr'><strong>vocabatur,</strong></span> <span class='ocrx_word' id='word_1_127' title='bbox 834 2125 984 2179; x_wconf 75' lang='lat' dir='ltr'><strong>accusavit.</strong></span> <span class='ocrx_word' id='word_1_128' title='bbox 1032 2129 1097 2180; x_wconf 81' lang='lat' dir='ltr'><strong>eota</strong></span> <span class='ocrx_word' id='word_1_129' title='bbox 1124 2129 1171 2180; x_wconf 86' lang='lat' dir='ltr'><strong>est</strong></span> 
     </span>
     <span class='ocr_line' id='line_1_19' title="bbox 167 2192 1167 2276; baseline 0 -26"><span class='ocrx_word' id='word_1_130' title='bbox 167 2211 258 2262; x_wconf 79' lang='lat' dir='ltr'><strong>eausa,</strong></span> <span class='ocrx_word' id='word_1_131' title='bbox 277 2195 440 2274; x_wconf 77' lang='lat' dir='ltr'><strong>priusqnam</strong></span> <span class='ocrx_word' id='word_1_132' title='bbox 459 2193 495 2246; x_wconf 81' lang='lat' dir='ltr'><em>ad</em></span> <span class='ocrx_word' id='word_1_133' title='bbox 513 2192 620 2273; x_wconf 63' lang='lat' dir='ltr'><strong>iuoiees</strong></span> <span class='ocrx_word' id='word_1_134' title='bbox 639 2193 754 2262; x_wconf 83' lang='lat' dir='ltr'><strong>veniret,</strong></span> <span class='ocrx_word' id='word_1_135' title='bbox 773 2193 803 2246; x_wconf 92' lang='lat' dir='ltr'><em>in</em></span> <span class='ocrx_word' id='word_1_136' title='bbox 821 2194 950 2275; x_wconf 83' lang='lat' dir='ltr'><strong>comitiis.</strong></span> <span class='ocrx_word' id='word_1_137' title='bbox 967 2226 999 2235; x_wconf 90' lang='lat'>-</span> <span class='ocrx_word' id='word_1_138' title='bbox 1016 2201 1071 2276; x_wconf 71' lang='lat'><em>§4¹</em></span> <span class='ocrx_word' id='word_1_139' title='bbox 1080 2197 1167 2250; x_wconf 86' lang='lat' dir='ltr'><strong>verbo</strong></span> 
     </span>
     <span class='ocr_line' id='line_1_20' title="bbox 167 2264 1169 2391; baseline 0.001 -1"><span class='ocrx_word' id='word_1_140' title='bbox 167 2264 1169 2391; x_wconf 47' lang='lat' dir='ltr'><strong>sentetmmtt’retmttttsnfftots</strong></span> 
     </span>
     <span class='ocr_line' id='line_1_21' title="bbox 167 2352 1121 2479; baseline 0.001 -19"><span class='ocrx_word' id='word_1_141' title='bbox 167 2353 215 2462; x_wconf 76' lang='grc' dir='ltr'><em>κάλ</em></span> <span class='ocrx_word' id='word_1_142' title='bbox 233 2407 297 2467; x_wconf 76' lang='grc' dir='ltr'><em>τοὺς</em></span> <span class='ocrx_word' id='word_1_143' title='bbox 315 2377 478 2471; x_wconf 82' lang='grc' dir='ltr'><em>κονδύλοις,</em></span> <span class='ocrx_word' id='word_1_144' title='bbox 498 2352 663 2476; x_wconf 67' lang='grc' dir='ltr'><em>οδςρέλαβεν</em></span> <span class='ocrx_word' id='word_1_145' title='bbox 683 2377 713 2458; x_wconf 76' lang='grc' dir='ltr'><em>ἐν</em></span> <span class='ocrx_word' id='word_1_146' title='bbox 731 2411 764 2474; x_wconf 79' lang='grc' dir='ltr'><em>τῇ</em></span> <span class='ocrx_word' id='word_1_147' title='bbox 784 2377 920 2479; x_wconf 75' lang='grc' dir='ltr'><em>ὀρχήστρᾳ</em></span> <span class='ocrx_word' id='word_1_148' title='bbox 939 2357 1056 2475; x_wconf 56' lang='grc' dir='ltr'><em>χορηργδς</em></span> <span class='ocrx_word' id='word_1_149' title='bbox 1075 2406 1121 2461; x_wconf 77' lang='grc' dir='ltr'><em>ἀν.</em></span> 
     </span>
    </p>
   </div>
   <div class='ocr_carea' id='block_1_5' title="bbox 111 2543 1170 3159">
    <p class='ocr_par' dir='ltr' id='par_1_15' title="bbox 119 2543 1170 2844">
     <span class='ocr_line' id='line_1_22' title="bbox 119 2543 1170 2633; baseline 0 -19"><span class='ocrx_word' id='word_1_150' title='bbox 119 2571 132 2624; x_wconf 86' lang='lat'>1</span> <span class='ocrx_word' id='word_1_151' title='bbox 238 2551 305 2632; x_wconf 86' lang='grc' dir='ltr'><em>Τήν</em></span> <span class='ocrx_word' id='word_1_152' title='bbox 333 2544 394 2632; x_wconf 73' lang='grc' dir='ltr'><em>μὲν</em></span> <span class='ocrx_word' id='word_1_153' title='bbox 420 2546 608 2629; x_wconf 80' lang='grc' dir='ltr'><em>ἀσέλγειαν,</em></span> <span class='ocrx_word' id='word_1_154' title='bbox 635 2543 660 2613; x_wconf 83' lang='grc' dir='ltr'>ὦ</span> <span class='ocrx_word' id='word_1_155' title='bbox 689 2548 808 2630; x_wconf 87' lang='grc' dir='ltr'><em>ἀνδρες</em></span> <span class='ocrx_word' id='word_1_156' title='bbox 834 2550 998 2631; x_wconf 89' lang='grc' dir='ltr'><em>δικασταί,</em></span> <span class='ocrx_word' id='word_1_157' title='bbox 1025 2547 1080 2614; x_wconf 80' lang='grc' dir='ltr'><em>καὶ</em></span> <span class='ocrx_word' id='word_1_158' title='bbox 1106 2552 1170 2633; x_wconf 84' lang='grc' dir='ltr'><em>τήν</em></span> 
     </span>
     <span class='ocr_line' id='line_1_23' title="bbox 167 2647 1165 2739; baseline 0 -19"><span class='ocrx_word' id='word_1_159' title='bbox 167 2655 282 2739; x_wconf 83' lang='grc' dir='ltr'><em>ὕβριν,</em></span> <span class='ocrx_word' id='word_1_160' title='bbox 314 2647 333 2739; x_wconf 79' lang='grc' dir='ltr'><strong><em>ᾖ</em></strong></span> <span class='ocrx_word' id='word_1_161' title='bbox 361 2656 442 2738; x_wconf 88' lang='grc' dir='ltr'><em>πρὸς</em></span> <span class='ocrx_word' id='word_1_162' title='bbox 471 2653 615 2727; x_wconf 76' lang='grc' dir='ltr'><em>ἅπαντας</em></span> <span class='ocrx_word' id='word_1_163' title='bbox 644 2649 694 2715; x_wconf 86' lang='grc' dir='ltr'><em>ἀεὶ</em></span> <span class='ocrx_word' id='word_1_164' title='bbox 723 2660 837 2736; x_wconf 84' lang='grc' dir='ltr'><em>χρήται</em></span> <span class='ocrx_word' id='word_1_165' title='bbox 866 2655 1024 2737; x_wconf 77' lang='grc' dir='ltr'><em>Μειδίας,</em></span> <span class='ocrx_word' id='word_1_166' title='bbox 1053 2653 1165 2720; x_wconf 78' lang='grc' dir='ltr'><em>οὐδέν’</em></span> 
     </span>
     <span class='ocr_line' id='line_1_24' title="bbox 168 2756 1168 2844; baseline 0 -18"><span class='ocrx_word' id='word_1_167' title='bbox 168 2757 246 2830; x_wconf 77' lang='grc' dir='ltr'><em>οὔθ’</em></span> <span class='ocrx_word' id='word_1_168' title='bbox 273 2760 366 2843; x_wconf 84' lang='grc' dir='ltr'><em>ὑμῶν</em></span> <span class='ocrx_word' id='word_1_169' title='bbox 395 2759 470 2824; x_wconf 79' lang='grc' dir='ltr'><em>οὔτε</em></span> <span class='ocrx_word' id='word_1_170' title='bbox 498 2765 565 2822; x_wconf 81' lang='grc' dir='ltr'><em>τῶν</em></span> <span class='ocrx_word' id='word_1_171' title='bbox 593 2757 703 2820; x_wconf 84' lang='grc' dir='ltr'><em>ἀλλων</em></span> <span class='ocrx_word' id='word_1_172' title='bbox 725 2761 869 2822; x_wconf 82' lang='grc' dir='ltr'><em>πολιτῶν</em></span> <span class='ocrx_word' id='word_1_173' title='bbox 892 2756 1025 2840; x_wconf 81' lang='grc' dir='ltr'><em>ἀγνοεῖν</em></span> <span class='ocrx_word' id='word_1_174' title='bbox 1048 2766 1168 2844; x_wconf 76' lang='grc' dir='ltr'><em>οἴομαι.</em></span> 
     </span>
    </p>

    <p class='ocr_par' dir='ltr' id='par_1_16' title="bbox 111 2859 1169 3159">
     <span class='ocr_line' id='line_1_25' title="bbox 111 2859 1169 2949; baseline 0.001 -19"><span class='ocrx_word' id='word_1_175' title='bbox 111 2863 115 2874; x_wconf 86' lang='grc'><strong>’</strong></span> <span class='ocrx_word' id='word_1_176' title='bbox 169 2864 231 2948; x_wconf 82' lang='grc' dir='ltr'><em>ἐγὼ</em></span> <span class='ocrx_word' id='word_1_177' title='bbox 251 2863 297 2949; x_wconf 90' lang='grc' dir='ltr'><em>δ’,</em></span> <span class='ocrx_word' id='word_1_178' title='bbox 316 2865 395 2947; x_wconf 85' lang='grc' dir='ltr'><em>ὅπερ</em></span> <span class='ocrx_word' id='word_1_179' title='bbox 414 2862 455 2928; x_wconf 87' lang='grc' dir='ltr'><em>ἀν</em></span> <span class='ocrx_word' id='word_1_180' title='bbox 475 2859 529 2926; x_wconf 82' lang='grc' dir='ltr'><em>καὶ</em></span> <span class='ocrx_word' id='word_1_181' title='bbox 547 2862 642 2945; x_wconf 86' lang='grc' dir='ltr'><em>ὑμῶν</em></span> <span class='ocrx_word' id='word_1_182' title='bbox 661 2860 794 2938; x_wconf 77' lang='grc' dir='ltr'><em>ἕκαστος</em></span> <span class='ocrx_word' id='word_1_183' title='bbox 811 2861 983 2947; x_wconf 81' lang='grc' dir='ltr'><em>ὑβρισθεὶς</em></span> <span class='ocrx_word' id='word_1_184' title='bbox 999 2869 1169 2948; x_wconf 91' lang='grc' dir='ltr'><em>προείλετο</em></span> 
     </span>
     <span class='ocr_line' id='line_1_26' title="bbox 168 2966 1168 3056; baseline -0.002 -20"><span class='ocrx_word' id='word_1_185' title='bbox 168 2971 302 3056; x_wconf 84' lang='grc' dir='ltr'><em>πρᾶξαι,</em></span> <span class='ocrx_word' id='word_1_186' title='bbox 332 2981 428 3036; x_wconf 87' lang='grc' dir='ltr'><em>τοῦτο</em></span> <span class='ocrx_word' id='word_1_187' title='bbox 458 2966 512 3033; x_wconf 80' lang='grc' dir='ltr'><em>καὶ</em></span> <span class='ocrx_word' id='word_1_188' title='bbox 543 2967 641 3043; x_wconf 85' lang='grc' dir='ltr'><em>αὐτὸς</em></span> <span class='ocrx_word' id='word_1_189' title='bbox 670 2966 821 3051; x_wconf 85' lang='grc' dir='ltr'><em>ἐποίησα,</em></span> <span class='ocrx_word' id='word_1_190' title='bbox 849 2966 904 3032; x_wconf 86' lang='grc' dir='ltr'><em>καὶ</em></span> <span class='ocrx_word' id='word_1_191' title='bbox 932 2969 1168 3054; x_wconf 82' lang='grc' dir='ltr'><em>προύβαλόμην</em></span> 
     </span>
     <span class='ocr_line' id='line_1_27' title="bbox 169 3069 1164 3159; baseline -0.002 -17"><span class='ocrx_word' id='word_1_192' title='bbox 169 3077 295 3142; x_wconf 83' lang='grc' dir='ltr'><em>ἀδικεῖν</em></span> <span class='ocrx_word' id='word_1_193' title='bbox 317 3085 436 3141; x_wconf 86' lang='grc' dir='ltr'><em>τοῦτον</em></span> <span class='ocrx_word' id='word_1_194' title='bbox 458 3071 533 3159; x_wconf 86' lang='grc' dir='ltr'><em>περὶ</em></span> <span class='ocrx_word' id='word_1_195' title='bbox 555 3074 615 3156; x_wconf 86' lang='grc' dir='ltr'><em>τήν</em></span> <span class='ocrx_word' id='word_1_196' title='bbox 636 3069 763 3157; x_wconf 84' lang='grc' dir='ltr'><em>ἑορτήν,</em></span> <span class='ocrx_word' id='word_1_197' title='bbox 786 3074 826 3138; x_wconf 87' lang='grc' dir='ltr'><em>οὐ</em></span> <span class='ocrx_word' id='word_1_198' title='bbox 846 3077 949 3157; x_wconf 90' lang='grc' dir='ltr'><em>μόνον</em></span> <span class='ocrx_word' id='word_1_199' title='bbox 967 3076 1091 3158; x_wconf 81' lang='grc' dir='ltr'><em>πληγὰς</em></span> <span class='ocrx_word' id='word_1_200' title='bbox 1109 3074 1164 3140; x_wconf 86' lang='grc' dir='ltr'><em>ὑπ’</em></span> 
     </span>
    </p>
   </div>
   <div class='ocr_carea' id='block_1_6' title="bbox 135 3177 1170 3580">
    <p class='ocr_par' dir='ltr' id='par_1_17' title="bbox 169 3177 1169 3371">
     <span class='ocr_line' id='line_1_28' title="bbox 169 3177 1169 3264; baseline -0.003 -16"><span class='ocrx_word' id='word_1_201' title='bbox 169 3182 271 3248; x_wconf 81' lang='grc' dir='ltr'><em>αὐτοῦ</em></span> <span class='ocrx_word' id='word_1_202' title='bbox 300 3182 411 3264; x_wconf 82' lang='grc' dir='ltr'><em>λαβὼν</em></span> <span class='ocrx_word' id='word_1_203' title='bbox 438 3191 507 3256; x_wconf 88' lang='grc' dir='ltr'><em>τοῖς</em></span> <span class='ocrx_word' id='word_1_204' title='bbox 529 3181 736 3260; x_wconf 79' lang='grc' dir='ltr'><em>Διονυσίοις,</em></span> <span class='ocrx_word' id='word_1_205' title='bbox 765 3177 847 3243; x_wconf 88' lang='grc' dir='ltr'><em>ἀλλά</em></span> <span class='ocrx_word' id='word_1_206' title='bbox 874 3177 929 3244; x_wconf 79' lang='grc' dir='ltr'><em>καὶ</em></span> <span class='ocrx_word' id='word_1_207' title='bbox 955 3179 1038 3243; x_wconf 84' lang='grc' dir='ltr'><em>ἀλλα</em></span> <span class='ocrx_word' id='word_1_208' title='bbox 1063 3181 1169 3245; x_wconf 81' lang='grc' dir='ltr'><em>πολλὰ</em></span> 
     </span>
     <span class='ocr_line' id='line_1_29' title="bbox 169 3284 989 3371; baseline -0.009 -17"><span class='ocrx_word' id='word_1_209' title='bbox 169 3288 222 3354; x_wconf 83' lang='grc' dir='ltr'><em>καλ</em></span> <span class='ocrx_word' id='word_1_210' title='bbox 244 3291 336 3371; x_wconf 89' lang='grc' dir='ltr'><em>βίαια</em></span> <span class='ocrx_word' id='word_1_211' title='bbox 359 3287 478 3351; x_wconf 87' lang='grc' dir='ltr'><em>παθὼν</em></span> <span class='ocrx_word' id='word_1_212' title='bbox 501 3284 588 3364; x_wconf 82' lang='grc' dir='ltr'><em>παρὰ</em></span> <span class='ocrx_word' id='word_1_213' title='bbox 611 3293 717 3348; x_wconf 85' lang='grc' dir='ltr'><em>πᾶσαν</em></span> <span class='ocrx_word' id='word_1_214' title='bbox 740 3284 800 3366; x_wconf 84' lang='grc' dir='ltr'><em>τήν</em></span> <span class='ocrx_word' id='word_1_215' title='bbox 822 3286 989 3369; x_wconf 76' lang='grc' dir='ltr'><em>χορηγίαν.</em></span> 
     </span>
    </p>

    <p class='ocr_par' dir='ltr' id='par_1_18' title="bbox 135 3389 1170 3580">
     <span class='ocr_line' id='line_1_30' title="bbox 135 3389 1169 3475; baseline -0.004 -17"><span class='ocrx_word' id='word_1_216' title='bbox 135 3419 150 3466; x_wconf 80' lang='lat'><strong>2</strong></span> <span class='ocrx_word' id='word_1_217' title='bbox 232 3392 363 3475; x_wconf 78' lang='grc' dir='ltr'><em>Ἐπειδὴ</em></span> <span class='ocrx_word' id='word_1_218' title='bbox 396 3391 458 3475; x_wconf 81' lang='grc' dir='ltr'><em>γὰρ</em></span> <span class='ocrx_word' id='word_1_219' title='bbox 490 3389 531 3455; x_wconf 87' lang='grc' dir='ltr'><em>οὐ</em></span> <span class='ocrx_word' id='word_1_220' title='bbox 564 3391 800 3471; x_wconf 89' lang='grc' dir='ltr'><em>καθεστηκότος</em></span> <span class='ocrx_word' id='word_1_221' title='bbox 831 3395 975 3472; x_wconf 88' lang='grc' dir='ltr'><em>χορηγοῦ</em></span> <span class='ocrx_word' id='word_1_222' title='bbox 1006 3396 1045 3473; x_wconf 76' lang='grc' dir='ltr'><em>τῇ</em></span> <span class='ocrx_word' id='word_1_223' title='bbox 1078 3393 1169 3454; x_wconf 85' lang='grc' dir='ltr'><em>Παν-</em></span> 
     </span>
     <span class='ocr_line' id='line_1_31' title="bbox 171 3490 1170 3580; baseline -0.003 -19"><span class='ocrx_word' id='word_1_224' title='bbox 171 3499 292 3562; x_wconf 90' lang='grc' dir='ltr'><em>διονίδι</em></span> <span class='ocrx_word' id='word_1_225' title='bbox 315 3500 422 3580; x_wconf 78' lang='grc' dir='ltr'><em>φυλή,</em></span> <span class='ocrx_word' id='word_1_226' title='bbox 444 3496 555 3578; x_wconf 91' lang='grc' dir='ltr'><em>τρίτον</em></span> <span class='ocrx_word' id='word_1_227' title='bbox 578 3495 647 3568; x_wconf 84' lang='grc' dir='ltr'><em>ἔτος</em></span> <span class='ocrx_word' id='word_1_228' title='bbox 670 3495 771 3572; x_wconf 88' lang='grc' dir='ltr'><em>τουτί,</em></span> <span class='ocrx_word' id='word_1_229' title='bbox 793 3493 959 3576; x_wconf 84' lang='grc' dir='ltr'><em>παρούσης</em></span> <span class='ocrx_word' id='word_1_230' title='bbox 981 3490 1019 3558; x_wconf 74' lang='grc' dir='ltr'><em>δὲ</em></span> <span class='ocrx_word' id='word_1_231' title='bbox 1041 3503 1098 3577; x_wconf 77' lang='grc' dir='ltr'><em>τῆς</em></span> <span class='ocrx_word' id='word_1_232' title='bbox 1120 3493 1136 3558; x_wconf 81' lang='grc' dir='ltr'><strong><em>ἐ</em></strong></span> <span class='ocrx_word' id='word_1_233' title='bbox 1156 3531 1170 3542; x_wconf 92' lang='grc'>-</span> 
     </span>
    </p>
   </div>
   <div class='ocr_carea' id='block_1_7' title="bbox 0 0 1345 3988">
    <p class='ocr_par' dir='ltr' id='par_1_19' title="bbox 0 0 1345 3988">
     <span class='ocr_line' id='line_1_32' title="bbox 0 0 1345 3988; baseline 0 0"><span class='ocrx_word' id='word_1_234' title='bbox 0 0 1345 3988; x_wconf 95' lang='lat' dir='ltr'><em> </em></span> 
     </span>
    </p>
   </div>
  </div>
 </body>
</html>
