2670 3988
488 236 534 286 1v.
553 235 768 286 ΙΣοΚΡΑΊἩΣ.
1092 235 1133 300 13

6 375 9 422 ἰ
134 395 308 477 χρώμενοι,
330 403 401 469 ταῖς
423 388 460 457 δέ
479 395 661 475 συνθήκαις
680 395 788 480 ὥσπερ
807 393 965 478 ἀνάγκαις
982 393 1133 479 ἐμμένειν

134 497 315 582 ἀξιοῦντες,
343 499 403 583 ούχ
428 499 531 575 οὕτως
553 498 606 563 έπλ
627 511 697 575 ταῖς
720 501 926 576 δυναστείαις
949 499 1031 584 μέγα
1052 525 1139 586 φρο·

133 613 269 680 νούντες
292 603 336 679 ὡς
358 601 411 668 έπλ
432 613 476 692 τῷ
498 607 677 688 σωφρόνως
695 608 751 687 ζῆν
769 605 1050 690 φιλοτιμούμενοι,
1072 609 1133 690 τήν

134 708 238 791 αὐτήν
261 707 427 786 ἀξιοῦντες
445 711 580 793 γνώμην
598 712 685 795 ἔχειν
702 712 784 795 πρὸς
801 713 878 787 τοὺς
896 711 1012 793 ήττους
1029 713 1133 798 ήνπερ

133 817 210 889 τοὺς
236 818 403 898 κρείττους
427 816 508 900 πρὸς
531 824 615 899 σφᾶς
637 813 772 897 αὐτούς,
801 817 868 880 ίδια
890 811 951 899 μέν
974 817 1054 900 ἄστη
1078 817 1134 893 τδς

134 919 243 984 αὑτῶν
257 922 368 994 πόλεις
380 919 571 1003 ἡγούμενοι,
586 920 702 1003 κοινήν
717 915 754 984 δέ
767 921 908 1004 πατρίδα
921 922 981 1005 τήν
990 919 1133 986 Ἑλλάδα

133 1027 319 1118 νομίζοντες
341 1019 435 1088 εἶναι.

204 1131 376 1204 Τοιαύταις
403 1129 564 1205 διανοίαις
590 1131 752 1214 χρώμενοι
779 1128 834 1195 καλ
855 1132 932 1206 τοὺς
953 1127 1133 1215 νεωτέρους
1154 1147 1185 1196 10

134 1234 170 1300 ἐν
188 1245 257 1310 τοῖς
275 1235 436 1310 τοιούτοις
452 1235 551 1316 ήθεσι
569 1235 780 1310 παιδεύοντες
798 1234 901 1310 οὕτως
919 1235 1042 1319 ἄνδρας
1055 1234 1133 1318 ἀγα-

133 1343 218 1416 θούς
245 1338 418 1416 ἀπέδειξαν
445 1342 522 1414 τοὺς
548 1341 794 1423 πολεμήσαντας
817 1341 898 1423 πρὸς
919 1342 998 1416 τοὺς
1020 1340 1056 1405 ἐκ
1078 1349 1134 1423 τῆς

130 1442 254 1527 Ἀσίας,
286 1445 368 1508 ὥστε
400 1443 524 1527 μηδένα
553 1445 682 1510 πῶποτε
709 1445 896 1528 δυνηθῆναι
922 1447 997 1528 περὶ
1024 1444 1133 1509 αὐτῶν

133 1553 212 1636 μήτε
235 1561 301 1615 τῶν
323 1561 468 1633 ποιητῶν
488 1552 567 1633 μήτε
584 1560 650 1614 τῶν
670 1561 836 1633 σοφιστῶν
854 1547 951 1626 ἀξίως
968 1561 1034 1614 τῶν
1053 1549 1133 1614 ἐκεί-

133 1680 204 1732 νοις
226 1653 462 1741 πεπραγμένων
480 1657 593 1719 είπεῖν.
629 1653 683 1719 καὶ
700 1656 827 1737 πολλήν
845 1654 956 1731 αὐτοῖς
974 1657 1035 1740 ἔχω
1055 1672 1132 1738 συγ-

133 1764 281 1846 γνώμην·
305 1761 425 1844 ὁμοίως
447 1761 509 1844 γάρ
530 1758 599 1824 ἐστι
616 1762 758 1844 χαλεπὸν
777 1760 923 1825 ἐπαινεῖν
941 1763 1017 1836 τοὺς
1035 1761 1132 1846 ύπερ-

133 1869 331 1952 βεβληκότας
357 1866 414 1941 τὰς
439 1877 505 1930 τῶν
529 1867 640 1930 ἀλλων
662 1864 777 1949 ἀρετὰς
799 1866 907 1949 ὥσπερ
930 1869 1007 1941 τοὺς
1028 1861 1132 1950 μηδὲν

1 2003 2 2010 “
133 1973 262 2057 ἀγαθὸν
285 1974 513 2054 πεποιηκότας·
535 1982 604 2047 τοῖς
624 1967 684 2054 μὲν
703 1972 765 2054 γὰρ
784 1969 844 2054 οὐχ
863 1970 973 2035 ὕπεισι
990 1970 1132 2055 πράξεις,

132 2081 214 2163 πρὸς
241 2074 278 2143 δέ
305 2080 382 2153 τοὺς
405 2076 466 2142 οὐκ
488 2077 572 2141 είσλν
596 2075 810 2162 ἁρμόττοντες
832 2078 933 2158 λόγοι.
978 2087 1046 2153 πῶς
1068 2077 1131 2160 γὰρ
1152 2093 1181 2140 11

133 2183 175 2248 ἀν
193 2182 344 2266 γένοιντο
363 2183 540 2266 σύμμετροι
558 2183 720 2258 τοιούτοις
738 2181 911 2265 ἀνδράσιν,
929 2185 1133 2258 ολτοσοῦτον

133 2285 194 2372 μὲν
217 2299 282 2354 τῶν
306 2287 358 2352 ἐπὶ
385 2291 506 2371 Τροίαν
530 2286 819 2372 στρατευσαμένων
843 2289 1030 2371 διήνεγκαν,
1052 2287 1133 2352 ὅσον

134 2394 170 2458 ol
189 2388 250 2477 μέν
272 2391 347 2479 περὶ
370 2396 448 2477 μίαν
470 2396 568 2458 πόλιν
591 2395 645 2475 έτη
665 2392 743 2457 δέκα
762 2391 945 2477 διέτριψαν,
967 2393 1003 2458 οί
1018 2389 1055 2456 δὲ
1072 2393 1133 2476 τήν

134 2497 166 2576 έξ
195 2497 320 2581 ἁπάσης
346 2506 401 2580 τῆς
420 2495 529 2574 Ἀσίας
556 2499 699 2580 δύναμιν
726 2498 762 2563 έν
787 2498 887 2586 ὀλίγφ
909 2501 1018 2585 χρόνῳ
1041 2520 1132 2562 κατε-

133 2601 332 2687 πολέμησαν,
350 2603 391 2668 ού
409 2606 513 2687 μόνον
533 2599 570 2667 δὲ
587 2604 645 2678 τὰς
663 2602 771 2668 αὑτῶν
786 2604 945 2687 πατρίδας
959 2601 1132 2686 διέσωσαν,

133 2707 217 2773 ἀλλὰ
239 2711 294 2773 καί
315 2711 376 2792 τήν
393 2706 534 2773 Ἑλλάδα
558 2709 733 2792 σύμπασαν
755 2707 1004 2792 ήλευθέρωσαν;
1027 2712 1131 2774 ποίων

134 2811 163 2878 δ’
196 2813 238 2877 ἀν
270 2817 376 2898 ἔργων
409 2813 429 2897 ή
456 2816 569 2879 πόνων
595 2814 616 2898 ή
642 2815 811 2878 κινδύνων
837 2813 1022 2897 ἀπέστησαν
1049 2815 1131 2878 ὥστε

135 2921 250 2995 ζῶντες
272 2919 470 3003 εὐδοκιμεῖν,
493 2921 612 2996 οἵτινες
631 2915 713 3004 ὑπέρ
732 2928 787 3002 τής
805 2917 912 3003 δόξης,
935 2914 973 3002 ής
989 2921 1131 3003 ήμελλον

134 3025 383 3106 τελευτήσαντες
394 3023 490 3107 ἕξειν,
500 3023 604 3101 οὕτως
614 3024 749 3108 ἑτοίμως
759 3027 883 3108 ήθελον
893 3019 1129 3108 ἀποθνήσκειν;

134 3125 225 3213 οἶμαι
248 3125 285 3193 δὲ
307 3127 361 3193 καὶ
383 3132 441 3194 τὸν
463 3133 607 3213 πόλεμον
628 3136 719 3194 θεῶν
742 3153 815 3195 τινα
838 3142 1035 3214 συναγαγεῖν
1053 3130 1131 3214 ἀγα-
1152 3143 1183 3191 12

134 3233 257 3300 σθέντα
279 3235 346 3318 τήν
363 3233 482 3318 ἀρετὴν
505 3234 625 3318 αὐτῶν,
648 3236 704 3299 ἵνα
726 3236 770 3318 μὴ
793 3243 937 3301 τοιοῦτοι
959 3239 1131 3320 γενόμενοι

133 3341 193 3423 τήν
221 3341 324 3424 φύσιν
350 3340 543 3405 διαλόθοιεν
565 3338 641 3424 μηδ’
663 3339 785 3418 ἀκλεῶς
807 3344 865 3407 τὸν
887 3344 961 3424 βίον
984 3344 1131 3425 τελευτή-

134 3461 238 3527 σαιεν,
260 3444 343 3510 ἀλλὰ
365 3456 431 3511 τῶν
450 3445 557 3510 αὐτῶν
574 3457 643 3522 τοῖς
661 3445 697 3510 ἐκ
715 3458 780 3510 τῶν
797 3453 887 3512 θεῶν
905 3450 1058 3528 γεγονόσι
1076 3444 1131 3511 καὶ

2 3613 10 3629 ,
133 3549 347 3634 καλουμένοις
373 3548 524 3633 ἡμιθέοις
550 3548 734 3627 ἀξιωθεῖεν·
763 3549 817 3614 καλ
844 3551 907 3636 γὰρ
935 3549 1069 3617 ἐκείνων
1092 3553 1130 3615 τὰ
