2670 3988
185 226 229 290 46
516 230 577 280 XII.
596 228 858 284 ΔΗΜΟΣΘΕΝΗΣ.

186 383 345 471 ἀπέχρησε
369 385 399 452 δ’
422 388 510 474 αὐτῷ
532 386 637 469 τοῦτ’,
660 386 743 452 άλλδι
766 384 819 452 καὶ
842 389 900 452 τὸν
924 385 1139 470 διδάσκαλον,
1162 381 1190 450 ὦ

185 492 304 575 ἄνδρες
323 491 506 575 Ἀθηναῖοι,
529 490 701 576 διέφθειρέ
721 515 786 575 μου
804 501 865 556 τοῦ
883 501 997 577 χοροῦ·
1020 490 1074 556 καὶ
1092 493 1124 556 εί
1144 491 1187 574 μὴ

190 595 383 680 Τηλεφάνης
405 598 424 664 δ
448 597 589 680 αὐλητὴς
612 597 745 682 ἀνδρῶν
769 599 935 681 βέλτιστος
952 596 1027 682 περὶ
1045 594 1101 681 έμέ
1118 593 1183 661 τότ’

186 700 313 783 ἐγένετο
336 700 391 767 καὶ
414 705 452 769 τὸ
474 701 598 788 πρᾶγμ’
619 706 819 786 αἰσθόμενος
836 706 894 768 τὸν
913 705 1094 788 ιἰυθρωπον
1112 701 1188 766 άπε-

185 806 287 884 λάσας
313 807 410 884 αὐτὸς
438 820 632 894 συγκροτεῖν
658 807 713 873 καὶ
738 805 908 873 διδάσκειν
931 807 1013 895 ᾤετο
1037 810 1108 873 δεῖν
1130 809 1189 872 τὸν

185 915 297 996 χορόν,
320 911 393 978 οὐδ’
409 912 452 978 άν
470 911 709 997 ἠγωνισάμεθ’,
732 910 758 978 ὧ
777 915 896 998 ἄνδρες
912 909 1094 996 Ἀθηναῖοι,
1112 909 1183 976 ἀλλ’
1272 947 1274 952 ·
1322 955 1323 966 ι

185 1016 358 1095 ἀδίδακτος
384 1018 427 1084 ἂν
454 1016 581 1103 εἰσῆλθ’
610 1019 627 1083 ὁ
655 1021 753 1103 χορὸς
779 1019 831 1084 καὶ
860 1016 1021 1104 πράγματ’
1046 1016 1184 1103 αἴσχιστ’

185 1121 227 1186 άν
251 1120 428 1206 ἐπάθομεν.
461 1122 515 1189 καὶ
534 1121 608 1189 οὐδ’
625 1121 761 1190 ἐνταῦθ’
780 1127 854 1207 ἔστη
872 1133 929 1207 τῆς
946 1124 1083 1209 ὕβρεως,
1105 1123 1188 1187 ἀλλὰ

185 1238 345 1293 τοσοῦτον
371 1228 458 1316 αὐτῷ
485 1239 618 1314 περιῆν,
649 1227 730 1294 ὥστε
758 1232 816 1294 τὸν
840 1227 1108 1314 ἐστεφανωμένου
1131 1229 1188 1312 άρ-

185 1356 285 1417 χοντα
303 1332 485 1420 διέφθειρε,
503 1339 581 1412 τοὺς
599 1339 763 1420 χορηγοὺς
781 1346 924 1418 συνῆγεν
940 1333 990 1400 ἐπ’
1002 1332 1069 1419 έμέ,
1088 1338 1189 1418 βοῶν,

185 1437 338 1523 ἀπειλῶν,
362 1440 523 1523 ὀμνύουσι
545 1442 755 1524 παρεστηκὼς
777 1453 846 1516 τοῖς
867 1452 1002 1525 κριταῖς,
1024 1441 1064 1504 τά
1086 1460 1188 1524 παρα-

185 1546 302 1626 σκήνια
330 1543 500 1630 φράττων,
526 1551 718 1630 προσηλῶν,
746 1548 880 1630 ἰδιώτης
902 1547 949 1610 ὢν
971 1546 1011 1610 τὰ
1034 1547 1188 1627 δημόσια,

163 1651 267 1715 ’κακὰ
293 1649 348 1716 καὶ
373 1649 536 1737 πράγματ’
561 1650 714 1735 ἀμύθητά
742 1675 798 1735 μοι
823 1649 973 1736 παρέχων
997 1649 1187 1715 διετέλεσεν.

151 1753 239 1820 ικαὶ
266 1757 408 1840 τούτων,
436 1757 497 1821 ὅσα
523 1753 554 1839 γ’
582 1756 618 1822 έν
644 1765 690 1844 τῷ
718 1758 811 1845 δημφ
839 1754 946 1839 γέγον’
969 1755 990 1838 ἢ
1016 1758 1099 1839 πρὸς
1119 1767 1188 1832 τοίς

184 1872 312 1944 κριταῖς
329 1861 366 1926 έν
384 1871 429 1949 τςό
447 1859 591 1951 θεάτρφ,
608 1861 701 1945 ὑμεῖς
719 1861 794 1926 έστέ
809 1886 865 1945 μοι
883 1859 1044 1947 μάρτυρες
1056 1858 1187 1944 πάντες,

184 1962 210 2031 ὦ
233 1967 352 2051 ἄνδρες
376 1968 534 2032 δικασταί.
566 1970 672 2031 καίτοι
689 1977 756 2031 τῶν
775 1969 884 2049 λόγων
902 1967 1041 2042 τούτους
1056 1967 1119 2050 χρὴ
1138 1968 1187 2031 δν

184 2068 377 2147 καιοτάτονς
398 2072 563 2155 ἡγεῖσθαι,
586 2071 643 2148 οὑς
665 2071 708 2136 διν
732 2073 767 2136 oc
787 2075 970 2155 καθήμενοι
992 2079 1037 2159 τῷ
1057 2069 1187 2154 λέγοντι

184 2187 394 2262 μαρτυρῶσιν
412 2176 549 2260 ἀληθεῖς
566 2172 661 2242 εἶναι.
683 2178 969 2261 προσδιαφθείρας
981 2180 1097 2240 τοίνυν
1109 2179 1187 2252 τοὺς

183 2283 295 2367 κριτάς
317 2290 360 2368 τῷ
385 2279 488 2363 άγῶνι
509 2292 575 2346 τῶν
598 2280 744 2366 ἀνδρῶν,
768 2282 830 2347 δύο
853 2277 953 2346 ταῦθ’
974 2278 1113 2362 ὡσπερεὶ
1135 2304 1187 2345 κε-

182 2383 295 2471 φάλαι’
320 2382 370 2470 ἐφ’
393 2387 494 2451 ἅπασι
516 2398 584 2462 τοῖς
606 2386 694 2473 αὑτςό
714 2385 997 2469 νενεανιευμένοις
1015 2383 1186 2469 ἐπέθηκεν,

184 2491 265 2599 έμοχῶ
287 2488 348 2576 μὲν
369 2493 485 2576 ὕβρισε
508 2494 544 2557 τὸ
569 2503 679 2576 σῶμα,
708 2501 747 2576 τῇ
769 2497 859 2576 φυλῇ
883 2487 920 2556 δέ
941 2492 1105 2576 κρατούσῃ
1128 2495 1186 2558 τὸν

183 2594 284 2681 ἀγῶν’
307 2599 495 2674 αἰτιώτατος
516 2598 576 2662 τού
600 2598 643 2680 μὴ
666 2607 799 2681 νικῆσαι
820 2595 965 2680 κατέστη.

142 2711 170 2768 11
249 2701 391 2785 Λέγεταί
413 2699 483 2768 ποτ’
512 2701 549 2766 έν
576 2711 615 2786 τῇ
637 2705 731 2767 πόλει
753 2703 835 2767 κατὰ
857 2703 917 2785 την
939 2702 1081 2766 παλαιὰν
1105 2701 1185 2766 έκεί-

183 2833 245 2892 νην
274 2809 489 2891 εὐδαιμονίαν
514 2804 722 2891 Ἀλκιβιάδης
750 2805 924 2891 γενέσθαι,
952 2799 979 2895 ρὺ
1007 2805 1186 2890 σκέψασθε,

182 2917 283 2979 τίνων
310 2913 505 2997 εὐεργεσιῶν
532 2911 752 2998 ὑπαρχουσῶν
776 2910 832 2978 καὶ
854 2916 960 2978 ποίων
982 2923 1083 2977 τινῶν
1105 2914 1186 2997 πρὸς

182 3021 240 3084 τὸν
264 3019 385 3102 δῆμον,
412 3028 480 3093 πῶς
503 3015 681 3102 ἐχρήσανθ’
703 3017 797 3102 ὑμῶν
819 3019 856 3083 αι’
874 3021 1049 3103 πρόγονοι,
1073 3016 1184 3100 ἐπειδὴ

182 3125 342 3208 βδελυρὸς
364 3121 418 3188 καὶ
441 3123 598 3207 ὑβριστὴς
621 3120 702 3209 ᾤετο
726 3123 799 3188 δεῖν
816 3119 911 3188 εἶναι.
943 3121 998 3188 καὶ
1017 3123 1077 3188 οὐκ
1095 3121 1185 3188 ἀπει-

182 3226 280 3294 κάσαι
309 3229 416 3311 δήπου
443 3229 590 3293 Μειδίαν
616 3223 806 3314 Ἀλκιβιάδη
836 3231 1037 3312 βουλόμενος
1066 3229 1185 3293 τούτου

182 3333 346 3418 μέμνημαι
369 3343 428 3399 τοῦ
451 3337 564 3417 λόγου,
587 3334 647 3419 οὑχ
668 3333 773 3410 οὑτως
791 3330 853 3418 εἶμ’
876 3335 993 3418 άφρωυ
1011 3330 1083 3398 οὐδ’
1106 3333 1185 3398 άπά-

181 3444 321 3521 πληιιτος
348 3438 428 3522 ἐγώ,
456 3436 528 3503 ἀλλ’
554 3436 598 3504 ἵν’
625 3436 733 3522 εἰδῆθ’
760 3439 869 3523 ὑμεῖς,
898 3434 923 3503 ὦ
951 3439 1069 3523 ἄνδρες
1088 3435 1185 3520 Ἀθη-

181 3555 286 3627 ναῖοι,
308 3541 363 3610 καὶ
381 3541 501 3627 γνῶθ’,
524 3544 574 3608 ὅτι
598 3541 697 3608 οὐδέν
720 3542 789 3610 οὔτ’
812 3547 901 3609 ἔστιν
924 3538 994 3610 οὔτ’
1017 3547 1121 3627 ἔσται,
1144 3543 1185 3608 οὐ
