<?xml version="1.0" encoding="UTF-8"?>
<!DOCTYPE html PUBLIC "-//W3C//DTD XHTML 1.0 Transitional//EN"
    "http://www.w3.org/TR/xhtml1/DTD/xhtml1-transitional.dtd">
<html xmlns="http://www.w3.org/1999/xhtml" xml:lang="en" lang="en">
 <head>
  <title>
</title>
<meta http-equiv="Content-Type" content="text/html;charset=utf-8" />
  <meta name='ocr-system' content='tesseract 3.04.00' />
  <meta name='ocr-capabilities' content='ocr_page ocr_carea ocr_par ocr_line ocrx_word'/>
</head>
<body>
  <div class='ocr_page' id='page_1' title='image "./florilegiumgrae00petegoog_0014.png"; bbox 0 0 2670 3988; ppageno 0'>
   <div class='ocr_carea' id='block_1_1' title="bbox 197 200 807 266">
    <p class='ocr_par' dir='ltr' id='par_1_1' title="bbox 197 200 807 266">
     <span class='ocr_line' id='line_1_1' title="bbox 197 200 807 266; baseline -0.016 -2"><span class='ocrx_word' id='word_1_1' title='bbox 197 200 240 266; x_wconf 91' lang='lat'><strong><em>10</em></strong></span> <span class='ocrx_word' id='word_1_2' title='bbox 555 204 606 257; x_wconf 90' lang='lat'><em>111.</em></span> <span class='ocrx_word' id='word_1_3' title='bbox 625 201 807 260; x_wconf 69' lang='grc' dir='ltr'><strong>ΞΕΝΟΦΩΝ.</strong></span> 
     </span>
    </p>
   </div>
   <div class='ocr_carea' id='block_1_2' title="bbox 145 360 1201 3181">
    <p class='ocr_par' dir='ltr' id='par_1_2' title="bbox 145 360 1201 3181">
     <span class='ocr_line' id='line_1_2' title="bbox 195 360 1199 447; baseline -0.002 -20"><span class='ocrx_word' id='word_1_4' title='bbox 195 363 403 447; x_wconf 80' lang='grc' dir='ltr'><strong><em>φρούραρχος</em></strong></span> <span class='ocrx_word' id='word_1_5' title='bbox 421 363 465 446; x_wconf 82' lang='grc' dir='ltr'><strong><em>μὴ</em></strong></span> <span class='ocrx_word' id='word_1_6' title='bbox 485 362 604 438; x_wconf 78' lang='grc' dir='ltr'><strong><em>ἱκανῶς</em></strong></span> <span class='ocrx_word' id='word_1_7' title='bbox 621 370 660 446; x_wconf 79' lang='grc' dir='ltr'><strong><em>τῇ</em></strong></span> <span class='ocrx_word' id='word_1_8' title='bbox 678 363 768 447; x_wconf 79' lang='grc' dir='ltr'><strong><em>χώρᾳ</em></strong></span> <span class='ocrx_word' id='word_1_9' title='bbox 781 360 898 446; x_wconf 81' lang='grc' dir='ltr'><strong><em>ἀρηγη,</em></strong></span> <span class='ocrx_word' id='word_1_10' title='bbox 917 361 1016 426; x_wconf 84' lang='grc' dir='ltr'><strong><em>ὁτῶν</em></strong></span> <span class='ocrx_word' id='word_1_11' title='bbox 1030 361 1199 427; x_wconf 84' lang='grc' dir='ltr'><strong><em>ένοικούν·</em></strong></span> 
     </span>
     <span class='ocr_line' id='line_1_3' title="bbox 195 465 1201 553; baseline -0.001 -23"><span class='ocrx_word' id='word_1_12' title='bbox 195 490 263 531; x_wconf 89' lang='grc' dir='ltr'><strong><em>των</em></strong></span> <span class='ocrx_word' id='word_1_13' title='bbox 296 469 406 553; x_wconf 85' lang='grc' dir='ltr'><strong><em>ἀρχων</em></strong></span> <span class='ocrx_word' id='word_1_14' title='bbox 437 465 492 532; x_wconf 80' lang='grc' dir='ltr'><strong><em>καὶ</em></strong></span> <span class='ocrx_word' id='word_1_15' title='bbox 521 477 586 531; x_wconf 83' lang='grc' dir='ltr'><strong><em>τῶν</em></strong></span> <span class='ocrx_word' id='word_1_16' title='bbox 614 469 719 551; x_wconf 76' lang='grc' dir='ltr'><strong><em>ἔργων</em></strong></span> <span class='ocrx_word' id='word_1_17' title='bbox 747 465 1000 551; x_wconf 80' lang='grc' dir='ltr'><strong><em>ἐπιμελούμενος</em></strong></span> <span class='ocrx_word' id='word_1_18' title='bbox 1025 477 1201 551; x_wconf 87' lang='grc' dir='ltr'><strong><em>κατηγορεῖ</em></strong></span> 
     </span>
     <span class='ocr_line' id='line_1_4' title="bbox 193 571 1198 657; baseline 0 -22"><span class='ocrx_word' id='word_1_19' title='bbox 193 579 254 637; x_wconf 85' lang='grc' dir='ltr'><strong><em>τοῦ</em></strong></span> <span class='ocrx_word' id='word_1_20' title='bbox 276 572 501 656; x_wconf 79' lang='grc' dir='ltr'><strong><em>φρουράρχου,</em></strong></span> <span class='ocrx_word' id='word_1_21' title='bbox 523 571 573 636; x_wconf 86' lang='grc' dir='ltr'><strong><em>ότι</em></strong></span> <span class='ocrx_word' id='word_1_22' title='bbox 596 571 636 636; x_wconf 91' lang='grc' dir='ltr'><strong><em>ού</em></strong></span> <span class='ocrx_word' id='word_1_23' title='bbox 659 573 818 637; x_wconf 92' lang='grc' dir='ltr'><strong><em>δύνανται</em></strong></span> <span class='ocrx_word' id='word_1_24' title='bbox 842 571 1036 657; x_wconf 81' lang='grc' dir='ltr'><strong><em>ἐργάζεσθαι</em></strong></span> <span class='ocrx_word' id='word_1_25' title='bbox 1060 571 1114 636; x_wconf 85' lang='grc' dir='ltr'><strong><em>διά</em></strong></span> <span class='ocrx_word' id='word_1_26' title='bbox 1137 573 1198 654; x_wconf 79' lang='grc' dir='ltr'><strong><em>την</em></strong></span> 
     </span>
     <span class='ocr_line' id='line_1_5' title="bbox 194 674 1198 762; baseline 0 -20"><span class='ocrx_word' id='word_1_27' title='bbox 194 677 392 762; x_wconf 82' lang='grc' dir='ltr'><strong><em>ἀφυλαξίαν,</em></strong></span> <span class='ocrx_word' id='word_1_28' title='bbox 414 677 455 760; x_wconf 80' lang='grc' dir='ltr'><strong><em>ἢν</em></strong></span> <span class='ocrx_word' id='word_1_29' title='bbox 479 674 516 742; x_wconf 73' lang='grc' dir='ltr'><strong><em>δὲ</em></strong></span> <span class='ocrx_word' id='word_1_30' title='bbox 537 675 736 762; x_wconf 81' lang='grc' dir='ltr'><strong><em>παρέχοντος</em></strong></span> <span class='ocrx_word' id='word_1_31' title='bbox 752 687 812 742; x_wconf 89' lang='grc' dir='ltr'><strong><em>τοῦ</em></strong></span> <span class='ocrx_word' id='word_1_32' title='bbox 830 678 1043 762; x_wconf 79' lang='grc' dir='ltr'><strong><em>φρουράρχου</em></strong></span> <span class='ocrx_word' id='word_1_33' title='bbox 1062 679 1198 762; x_wconf 75' lang='grc' dir='ltr'><strong><em>εἰρήνην</em></strong></span> 
     </span>
     <span class='ocr_line' id='line_1_6' title="bbox 195 781 1198 868; baseline 0 -20"><span class='ocrx_word' id='word_1_34' title='bbox 195 795 264 860; x_wconf 87' lang='grc' dir='ltr'><strong><em>τοῖς</em></strong></span> <span class='ocrx_word' id='word_1_35' title='bbox 290 785 397 868; x_wconf 76' lang='grc' dir='ltr'><strong><em>ἔργοις</em></strong></span> <span class='ocrx_word' id='word_1_36' title='bbox 424 783 442 847; x_wconf 88' lang='grc' dir='ltr'><strong><em>δ</em></strong></span> <span class='ocrx_word' id='word_1_37' title='bbox 469 783 580 866; x_wconf 86' lang='grc' dir='ltr'><strong><em>άρχων</em></strong></span> <span class='ocrx_word' id='word_1_38' title='bbox 608 781 864 866; x_wconf 73' lang='grc' dir='ltr'><strong><em>ὀλιγάνθρωπόν</em></strong></span> <span class='ocrx_word' id='word_1_39' title='bbox 885 805 920 848; x_wconf 89' lang='grc' dir='ltr'><strong><em>τε</em></strong></span> <span class='ocrx_word' id='word_1_40' title='bbox 943 781 1121 868; x_wconf 80' lang='grc' dir='ltr'><strong><em>παρέχηται</em></strong></span> <span class='ocrx_word' id='word_1_41' title='bbox 1143 781 1198 848; x_wconf 81' lang='grc' dir='ltr'><strong><em>καὶ</em></strong></span> 
     </span>
     <span class='ocr_line' id='line_1_7' title="bbox 195 882 1197 973; baseline 0 -21"><span class='ocrx_word' id='word_1_42' title='bbox 195 887 299 973; x_wconf 89' lang='grc' dir='ltr'><strong><em>άργὸν</em></strong></span> <span class='ocrx_word' id='word_1_43' title='bbox 321 889 382 970; x_wconf 79' lang='grc' dir='ltr'><strong><em>τὴν</em></strong></span> <span class='ocrx_word' id='word_1_44' title='bbox 404 888 526 972; x_wconf 84' lang='grc' dir='ltr'><strong><em>χώραν,</em></strong></span> <span class='ocrx_word' id='word_1_45' title='bbox 548 889 667 952; x_wconf 89' lang='grc' dir='ltr'><strong><em>τούτου</em></strong></span> <span class='ocrx_word' id='word_1_46' title='bbox 691 882 733 952; x_wconf 88' lang='grc' dir='ltr'><strong><em>αὖ</em></strong></span> <span class='ocrx_word' id='word_1_47' title='bbox 752 899 927 972; x_wconf 89' lang='grc' dir='ltr'><strong><em>κατηγορεῖ</em></strong></span> <span class='ocrx_word' id='word_1_48' title='bbox 943 888 961 953; x_wconf 84' lang='grc' dir='ltr'><strong><em>ό</em></strong></span> <span class='ocrx_word' id='word_1_49' title='bbox 980 889 1197 973; x_wconf 84' lang='grc' dir='ltr'><strong><em>φρούραρχος.</em></strong></span> 
     </span>
     <span class='ocr_line' id='line_1_8' title="bbox 161 991 1198 1078; baseline 0.002 -22"><span class='ocrx_word' id='word_1_50' title='bbox 161 991 250 1058; x_wconf 75' lang='grc' dir='ltr'><strong><em>εκαὶ</em></strong></span> <span class='ocrx_word' id='word_1_51' title='bbox 279 994 341 1078; x_wconf 85' lang='grc' dir='ltr'><strong><em>γάρ</em></strong></span> <span class='ocrx_word' id='word_1_52' title='bbox 369 994 487 1078; x_wconf 87' lang='grc' dir='ltr'><strong><em>σχεδόν</em></strong></span> <span class='ocrx_word' id='word_1_53' title='bbox 515 1017 545 1057; x_wconf 91' lang='grc' dir='ltr'><strong><em>τι</em></strong></span> <span class='ocrx_word' id='word_1_54' title='bbox 573 993 608 1058; x_wconf 88' lang='grc' dir='ltr'><strong><em>οί</em></strong></span> <span class='ocrx_word' id='word_1_55' title='bbox 632 1004 737 1069; x_wconf 83' lang='grc' dir='ltr'><strong><em>κακῶς</em></strong></span> <span class='ocrx_word' id='word_1_56' title='bbox 764 995 824 1077; x_wconf 81' lang='grc' dir='ltr'><strong><em>την</em></strong></span> <span class='ocrx_word' id='word_1_57' title='bbox 851 996 960 1078; x_wconf 87' lang='grc' dir='ltr'><strong><em>χώραν</em></strong></span> <span class='ocrx_word' id='word_1_58' title='bbox 988 992 1198 1078; x_wconf 77' lang='grc' dir='ltr'><strong><em>ἐργαζόμενοι</em></strong></span> 
     </span>
     <span class='ocr_line' id='line_1_9' title="bbox 196 1096 1198 1184; baseline -0.001 -20"><span class='ocrx_word' id='word_1_59' title='bbox 196 1099 271 1164; x_wconf 87' lang='grc' dir='ltr'><strong><em>ούτε</em></strong></span> <span class='ocrx_word' id='word_1_60' title='bbox 294 1101 371 1174; x_wconf 82' lang='grc' dir='ltr'><strong><em>τοὺς</em></strong></span> <span class='ocrx_word' id='word_1_61' title='bbox 392 1100 561 1184; x_wconf 88' lang='grc' dir='ltr'><strong><em>φρουροὺς</em></strong></span> <span class='ocrx_word' id='word_1_62' title='bbox 583 1096 762 1182; x_wconf 84' lang='grc' dir='ltr'><strong><em>τρέφουσιν</em></strong></span> <span class='ocrx_word' id='word_1_63' title='bbox 785 1099 860 1163; x_wconf 87' lang='grc' dir='ltr'><strong><em>ούτε</em></strong></span> <span class='ocrx_word' id='word_1_64' title='bbox 883 1102 960 1175; x_wconf 84' lang='grc' dir='ltr'><strong><em>τοὺς</em></strong></span> <span class='ocrx_word' id='word_1_65' title='bbox 980 1099 1127 1181; x_wconf 84' lang='grc' dir='ltr'><strong><em>δασμοὺς</em></strong></span> <span class='ocrx_word' id='word_1_66' title='bbox 1144 1099 1198 1163; x_wconf 89' lang='grc' dir='ltr'><strong><em>δύ-</em></strong></span> 
     </span>
     <span class='ocr_line' id='line_1_10' title="bbox 195 1201 1198 1287; baseline -0.001 -19"><span class='ocrx_word' id='word_1_67' title='bbox 195 1226 311 1268; x_wconf 91' lang='grc' dir='ltr'><strong><em>νανται</em></strong></span> <span class='ocrx_word' id='word_1_68' title='bbox 334 1202 540 1269; x_wconf 74' lang='grc' dir='ltr'><strong><em>ἀποδιδόναι.</em></strong></span> <span class='ocrx_word' id='word_1_69' title='bbox 577 1203 661 1268; x_wconf 83' lang='grc' dir='ltr'><strong><em>ὅπου</em></strong></span> <span class='ocrx_word' id='word_1_70' title='bbox 684 1201 714 1266; x_wconf 90' lang='grc' dir='ltr'><strong><em>δ’</em></strong></span> <span class='ocrx_word' id='word_1_71' title='bbox 740 1202 782 1267; x_wconf 88' lang='grc' dir='ltr'><strong><em>ἀν</em></strong></span> <span class='ocrx_word' id='word_1_72' title='bbox 805 1204 970 1287; x_wconf 83' lang='grc' dir='ltr'><strong><em>σατράπης</em></strong></span> <span class='ocrx_word' id='word_1_73' title='bbox 991 1210 1198 1286; x_wconf 80' lang='grc' dir='ltr'><strong><em>καθιστηται,</em></strong></span> 
     </span>
     <span class='ocr_line' id='line_1_11' title="bbox 195 1305 1198 1394; baseline 0 -20"><span class='ocrx_word' id='word_1_74' title='bbox 195 1305 292 1384; x_wconf 87' lang='grc' dir='ltr'><strong><em>οὗτος</em></strong></span> <span class='ocrx_word' id='word_1_75' title='bbox 322 1307 517 1394; x_wconf 78' lang='grc' dir='ltr'><strong><em>ἀμφοτέρων</em></strong></span> <span class='ocrx_word' id='word_1_76' title='bbox 546 1309 671 1373; x_wconf 89' lang='grc' dir='ltr'><strong><em>τούτων</em></strong></span> <span class='ocrx_word' id='word_1_77' title='bbox 700 1307 916 1392; x_wconf 58' lang='grc' dir='ltr'><strong><em>ἐπιμελεῖται]</em></strong></span> <span class='ocrx_word' id='word_1_78' title='bbox 963 1308 998 1374; x_wconf 88' lang='grc' dir='ltr'><strong><em>έκ</em></strong></span> <span class='ocrx_word' id='word_1_79' title='bbox 1025 1309 1151 1374; x_wconf 90' lang='grc' dir='ltr'><strong><em>τούτων</em></strong></span> <span class='ocrx_word' id='word_1_80' title='bbox 1179 1309 1198 1374; x_wconf 88' lang='grc' dir='ltr'><strong><em>δ</em></strong></span> 
     </span>
     <span class='ocr_line' id='line_1_12' title="bbox 195 1404 1201 1499; baseline 0 -22"><span class='ocrx_word' id='word_1_81' title='bbox 195 1417 419 1499; x_wconf 88' lang='grc' dir='ltr'><strong><em>Κριτόβουλος</em></strong></span> <span class='ocrx_word' id='word_1_82' title='bbox 441 1409 547 1478; x_wconf 83' lang='grc' dir='ltr'><strong><em>εἶπεν·</em></strong></span> <span class='ocrx_word' id='word_1_83' title='bbox 594 1412 761 1496; x_wconf 83' lang='grc' dir='ltr'><strong><em>Ὃύκοῦν,</em></strong></span> <span class='ocrx_word' id='word_1_84' title='bbox 788 1415 818 1477; x_wconf 92' lang='grc' dir='ltr'><strong><em>εί</em></strong></span> <span class='ocrx_word' id='word_1_85' title='bbox 839 1409 899 1496; x_wconf 75' lang='grc' dir='ltr'><strong><em>μέν</em></strong></span> <span class='ocrx_word' id='word_1_86' title='bbox 923 1413 964 1496; x_wconf 81' lang='grc' dir='ltr'><strong><em>δη</em></strong></span> <span class='ocrx_word' id='word_1_87' title='bbox 988 1404 1088 1478; x_wconf 85' lang='grc' dir='ltr'><strong><em>τᾶῦτα</em></strong></span> <span class='ocrx_word' id='word_1_88' title='bbox 1110 1425 1201 1478; x_wconf 87' lang='grc' dir='ltr'><strong><em>ποιεῖ</em></strong></span> 
     </span>
     <span class='ocr_line' id='line_1_13' title="bbox 195 1513 1198 1602; baseline 0 -19"><span class='ocrx_word' id='word_1_89' title='bbox 195 1520 358 1602; x_wconf 86' lang='grc' dir='ltr'><strong><em>βασιλεύς,</em></strong></span> <span class='ocrx_word' id='word_1_90' title='bbox 381 1513 407 1581; x_wconf 80' lang='grc' dir='ltr'>ὦ</span> <span class='ocrx_word' id='word_1_91' title='bbox 430 1520 619 1602; x_wconf 85' lang='grc' dir='ltr'><strong><em>Σώκρατες,</em></strong></span> <span class='ocrx_word' id='word_1_92' title='bbox 642 1514 741 1583; x_wconf 72' lang='grc' dir='ltr'><strong><em>οὐδὲν</em></strong></span> <span class='ocrx_word' id='word_1_93' title='bbox 765 1521 874 1602; x_wconf 80' lang='grc' dir='ltr'><strong><em>ἔμοιγε</em></strong></span> <span class='ocrx_word' id='word_1_94' title='bbox 899 1521 991 1583; x_wconf 84' lang='grc' dir='ltr'><strong><em>δοκεῖ</em></strong></span> <span class='ocrx_word' id='word_1_95' title='bbox 1011 1514 1109 1602; x_wconf 80' lang='grc' dir='ltr'><strong><em>ἧττον</em></strong></span> <span class='ocrx_word' id='word_1_96' title='bbox 1131 1529 1198 1583; x_wconf 85' lang='grc' dir='ltr'><strong><em>τῶν</em></strong></span> 
     </span>
     <span class='ocr_line' id='line_1_14' title="bbox 147 1622 1198 1709; baseline 0 -21"><span class='ocrx_word' id='word_1_97' title='bbox 147 1640 177 1688; x_wconf 80' lang='lat'><strong><em>10</em></strong></span> <span class='ocrx_word' id='word_1_98' title='bbox 197 1634 384 1709; x_wconf 83' lang='grc' dir='ltr'><strong><em>γεωργικῶν</em></strong></span> <span class='ocrx_word' id='word_1_99' title='bbox 402 1626 509 1706; x_wconf 84' lang='grc' dir='ltr'><strong><em>ἔργων</em></strong></span> <span class='ocrx_word' id='word_1_100' title='bbox 528 1622 753 1707; x_wconf 80' lang='grc' dir='ltr'><strong><em>ἐπιμελεῖσθαι</em></strong></span> <span class='ocrx_word' id='word_1_101' title='bbox 767 1622 787 1706; x_wconf 74' lang='grc' dir='ltr'><strong><em>ἢ</em></strong></span> <span class='ocrx_word' id='word_1_102' title='bbox 800 1635 866 1688; x_wconf 85' lang='grc' dir='ltr'><strong><em>τῶν</em></strong></span> <span class='ocrx_word' id='word_1_103' title='bbox 880 1623 1088 1707; x_wconf 79' lang='grc' dir='ltr'><strong><em>πολεμικῶν.,’</em></strong></span> <span class='ocrx_word' id='word_1_104' title='bbox 1117 1622 1198 1688; x_wconf 59' lang='grc' dir='ltr'><strong><em>’Ἔτι</em></strong></span> 
     </span>
     <span class='ocr_line' id='line_1_15' title="bbox 197 1726 1198 1814; baseline -0.002 -20"><span class='ocrx_word' id='word_1_105' title='bbox 197 1726 234 1794; x_wconf 71' lang='grc' dir='ltr'><strong><em>δὲ</em></strong></span> <span class='ocrx_word' id='word_1_106' title='bbox 254 1731 336 1814; x_wconf 88' lang='grc' dir='ltr'><strong><em>πρὸς</em></strong></span> <span class='ocrx_word' id='word_1_107' title='bbox 357 1729 508 1810; x_wconf 68' lang='grc' dir='ltr'><strong><em>τούτοις,</em></strong></span> <span class='ocrx_word' id='word_1_108' title='bbox 531 1731 592 1812; x_wconf 85' lang='grc' dir='ltr'><strong><em>έφη</em></strong></span> <span class='ocrx_word' id='word_1_109' title='bbox 617 1729 634 1794; x_wconf 88' lang='grc' dir='ltr'><strong><em>δ</em></strong></span> <span class='ocrx_word' id='word_1_110' title='bbox 653 1729 841 1814; x_wconf 84' lang='grc' dir='ltr'><strong><em>Σωκράτης,</em></strong></span> <span class='ocrx_word' id='word_1_111' title='bbox 864 1728 913 1793; x_wconf 56' lang='grc' dir='ltr'><strong><em>εέν</em></strong></span> <span class='ocrx_word' id='word_1_112' title='bbox 931 1728 1066 1804; x_wconf 87' lang='grc' dir='ltr'><strong><em>ὁπόσαις</em></strong></span> <span class='ocrx_word' id='word_1_113' title='bbox 1082 1751 1117 1792; x_wconf 89' lang='grc' dir='ltr'><strong><em>τε</em></strong></span> <span class='ocrx_word' id='word_1_114' title='bbox 1136 1728 1198 1813; x_wconf 85' lang='grc' dir='ltr'><strong><em>χώ-</em></strong></span> 
     </span>
     <span class='ocr_line' id='line_1_16' title="bbox 197 1832 1198 1919; baseline -0.002 -20"><span class='ocrx_word' id='word_1_115' title='bbox 197 1859 268 1919; x_wconf 83' lang='grc' dir='ltr'><strong><em>ραις</em></strong></span> <span class='ocrx_word' id='word_1_116' title='bbox 295 1834 418 1900; x_wconf 76' lang='grc' dir='ltr'><strong><em>ἐνοικεῖ</em></strong></span> <span class='ocrx_word' id='word_1_117' title='bbox 441 1836 495 1898; x_wconf 84' lang='grc' dir='ltr'><strong><em>καί</em></strong></span> <span class='ocrx_word' id='word_1_118' title='bbox 519 1835 566 1910; x_wconf 88' lang='grc' dir='ltr'><strong><em>είς</em></strong></span> <span class='ocrx_word' id='word_1_119' title='bbox 588 1834 710 1909; x_wconf 84' lang='grc' dir='ltr'><strong><em>ὁπόσας</em></strong></span> <span class='ocrx_word' id='word_1_120' title='bbox 733 1832 974 1918; x_wconf 81' lang='grc' dir='ltr'><strong><em>ἐπιστρέφεται,</em></strong></span> <span class='ocrx_word' id='word_1_121' title='bbox 1001 1832 1198 1917; x_wconf 78' lang='grc' dir='ltr'><strong><em>ἐπιμελεῖται</em></strong></span> 
     </span>
     <span class='ocr_line' id='line_1_17' title="bbox 195 1939 1197 2023; baseline -0.001 -18"><span class='ocrx_word' id='word_1_122' title='bbox 195 1941 337 2023; x_wconf 89' lang='grc' dir='ltr'><strong><em>τούτων,</em></strong></span> <span class='ocrx_word' id='word_1_123' title='bbox 370 1940 457 2016; x_wconf 86' lang='grc' dir='ltr'><strong><em>ὅπως</em></strong></span> <span class='ocrx_word' id='word_1_124' title='bbox 479 1942 580 2022; x_wconf 76' lang='grc' dir='ltr'><strong><em>κῆποί</em></strong></span> <span class='ocrx_word' id='word_1_125' title='bbox 598 1962 632 2003; x_wconf 87' lang='grc' dir='ltr'><strong><em>τε</em></strong></span> <span class='ocrx_word' id='word_1_126' title='bbox 657 1941 786 2004; x_wconf 80' lang='grc' dir='ltr'><strong><em>ἔσονται</em></strong></span> <span class='ocrx_word' id='word_1_127' title='bbox 810 1939 844 2004; x_wconf 88' lang='grc' dir='ltr'><strong><em>οί</em></strong></span> <span class='ocrx_word' id='word_1_128' title='bbox 864 1939 1056 2023; x_wconf 78' lang='grc' dir='ltr'><strong><em>παράδεισοι</em></strong></span> <span class='ocrx_word' id='word_1_129' title='bbox 1079 1940 1197 2004; x_wconf 90' lang='grc' dir='ltr'><strong><em>καλού-</em></strong></span> 
     </span>
     <span class='ocr_line' id='line_1_18' title="bbox 196 2043 1197 2130; baseline -0.003 -20"><span class='ocrx_word' id='word_1_130' title='bbox 196 2069 290 2130; x_wconf 91' lang='grc' dir='ltr'><strong><em>μενοι</em></strong></span> <span class='ocrx_word' id='word_1_131' title='bbox 302 2045 435 2111; x_wconf 89' lang='grc' dir='ltr'><strong><em>πάντων</em></strong></span> <span class='ocrx_word' id='word_1_132' title='bbox 449 2050 559 2110; x_wconf 84' lang='grc' dir='ltr'><strong><em>καλῶν</em></strong></span> <span class='ocrx_word' id='word_1_133' title='bbox 573 2066 607 2110; x_wconf 88' lang='grc' dir='ltr'><strong><em>τε</em></strong></span> <span class='ocrx_word' id='word_1_134' title='bbox 621 2044 778 2126; x_wconf 81' lang='grc' dir='ltr'><strong><em>κάγαθῶν</em></strong></span> <span class='ocrx_word' id='word_1_135' title='bbox 793 2047 916 2127; x_wconf 90' lang='grc' dir='ltr'><strong><em>μεστοί,</em></strong></span> <span class='ocrx_word' id='word_1_136' title='bbox 935 2044 996 2108; x_wconf 85' lang='grc' dir='ltr'><strong><em>ὅσα</em></strong></span> <span class='ocrx_word' id='word_1_137' title='bbox 1009 2043 1030 2126; x_wconf 79' lang='grc' dir='ltr'><strong><em>ἡ</em></strong></span> <span class='ocrx_word' id='word_1_138' title='bbox 1044 2052 1085 2126; x_wconf 81' lang='grc' dir='ltr'><strong><em>γη</em></strong></span> <span class='ocrx_word' id='word_1_139' title='bbox 1099 2044 1197 2127; x_wconf 87' lang='grc' dir='ltr'><strong><em>φύειν</em></strong></span> 
     </span>
     <span class='ocr_line' id='line_1_19' title="bbox 197 2148 1197 2233; baseline -0.005 -16"><span class='ocrx_word' id='word_1_140' title='bbox 197 2150 316 2233; x_wconf 78' lang='grc' dir='ltr'><strong><em>ἐθέλει,</em></strong></span> <span class='ocrx_word' id='word_1_141' title='bbox 334 2148 388 2215; x_wconf 85' lang='grc' dir='ltr'><strong><em>καλ</em></strong></span> <span class='ocrx_word' id='word_1_142' title='bbox 407 2149 443 2214; x_wconf 86' lang='grc' dir='ltr'><strong><em>έν</em></strong></span> <span class='ocrx_word' id='word_1_143' title='bbox 461 2151 590 2226; x_wconf 93' lang='grc' dir='ltr'><strong><em>τούτοις</em></strong></span> <span class='ocrx_word' id='word_1_144' title='bbox 608 2149 705 2225; x_wconf 83' lang='grc' dir='ltr'><strong><em>αὐτὸς</em></strong></span> <span class='ocrx_word' id='word_1_145' title='bbox 723 2149 762 2213; x_wconf 87' lang='grc' dir='ltr'><strong><em>τά</em></strong></span> <span class='ocrx_word' id='word_1_146' title='bbox 780 2154 914 2214; x_wconf 87' lang='grc' dir='ltr'><strong><em>πλεῖστα</em></strong></span> <span class='ocrx_word' id='word_1_147' title='bbox 929 2149 1100 2233; x_wconf 87' lang='grc' dir='ltr'><strong><em>διατρίβει,</em></strong></span> <span class='ocrx_word' id='word_1_148' title='bbox 1118 2150 1197 2214; x_wconf 85' lang='grc' dir='ltr'><strong><em>ὅταν</em></strong></span> 
     </span>
     <span class='ocr_line' id='line_1_20' title="bbox 145 2251 1198 2341; baseline -0.001 -22"><span class='ocrx_word' id='word_1_149' title='bbox 145 2273 176 2319; x_wconf 91' lang='lat'><strong><em>11</em></strong></span> <span class='ocrx_word' id='word_1_150' title='bbox 196 2259 240 2341; x_wconf 79' lang='grc' dir='ltr'><strong><em>μὴ</em></strong></span> <span class='ocrx_word' id='word_1_151' title='bbox 262 2257 283 2340; x_wconf 79' lang='grc' dir='ltr'><strong><em>ἡ</em></strong></span> <span class='ocrx_word' id='word_1_152' title='bbox 306 2257 376 2340; x_wconf 78' lang='grc' dir='ltr'><strong><em>ὥρα</em></strong></span> <span class='ocrx_word' id='word_1_153' title='bbox 397 2265 457 2320; x_wconf 88' lang='grc' dir='ltr'><strong><em>τοῦ</em></strong></span> <span class='ocrx_word' id='word_1_154' title='bbox 480 2257 573 2330; x_wconf 86' lang='grc' dir='ltr'><strong><em>έτους</em></strong></span> <span class='ocrx_word' id='word_1_155' title='bbox 595 2253 741 2338; x_wconf 84' lang='grc' dir='ltr'><strong><em>έξείργη.’</em></strong></span> <span class='ocrx_word' id='word_1_156' title='bbox 788 2254 858 2336; x_wconf 61' lang='grc' dir='ltr'><strong><em>’Νὴ</em></strong></span> <span class='ocrx_word' id='word_1_157' title='bbox 882 2251 967 2336; x_wconf 82' lang='grc' dir='ltr'><strong><em>Δί’,</em></strong></span> <span class='ocrx_word' id='word_1_158' title='bbox 989 2256 1051 2338; x_wconf 80' lang='grc' dir='ltr'><strong><em>ἔφη</em></strong></span> <span class='ocrx_word' id='word_1_159' title='bbox 1074 2253 1093 2319; x_wconf 85' lang='grc' dir='ltr'>ὁ</span> <span class='ocrx_word' id='word_1_160' title='bbox 1116 2257 1198 2339; x_wconf 85' lang='grc' dir='ltr'><strong><em>Κρι-</em></strong></span> 
     </span>
     <span class='ocr_line' id='line_1_21' title="bbox 195 2355 1197 2446; baseline -0.003 -19"><span class='ocrx_word' id='word_1_161' title='bbox 195 2365 369 2446; x_wconf 89' lang='grc' dir='ltr'><strong><em>τόβουλος,</em></strong></span> <span class='ocrx_word' id='word_1_162' title='bbox 393 2359 532 2443; x_wconf 63' lang='grc' dir='ltr'><strong><em>’ἀνάγκη</em></strong></span> <span class='ocrx_word' id='word_1_163' title='bbox 556 2362 682 2440; x_wconf 88' lang='grc' dir='ltr'><strong><em>τοίνυν,</em></strong></span> <span class='ocrx_word' id='word_1_164' title='bbox 705 2355 731 2424; x_wconf 81' lang='grc' dir='ltr'>ὦ</span> <span class='ocrx_word' id='word_1_165' title='bbox 755 2361 938 2442; x_wconf 84' lang='grc' dir='ltr'><strong><em>Σώκρατες,</em></strong></span> <span class='ocrx_word' id='word_1_166' title='bbox 961 2361 1045 2423; x_wconf 81' lang='grc' dir='ltr'><strong><em>ἔνθα</em></strong></span> <span class='ocrx_word' id='word_1_167' title='bbox 1066 2381 1104 2442; x_wconf 90' lang='grc' dir='ltr'><strong><em>γε</em></strong></span> <span class='ocrx_word' id='word_1_168' title='bbox 1127 2361 1197 2424; x_wconf 85' lang='grc' dir='ltr'><strong><em>δια-</em></strong></span> 
     </span>
     <span class='ocr_line' id='line_1_22' title="bbox 195 2463 1197 2550; baseline -0.003 -20"><span class='ocrx_word' id='word_1_169' title='bbox 195 2470 300 2550; x_wconf 83' lang='grc' dir='ltr'><strong><em>τρίβει</em></strong></span> <span class='ocrx_word' id='word_1_170' title='bbox 327 2465 438 2546; x_wconf 87' lang='grc' dir='ltr'><strong><em>αὐτός,</em></strong></span> <span class='ocrx_word' id='word_1_171' title='bbox 465 2463 519 2529; x_wconf 84' lang='grc' dir='ltr'><strong><em>καὶ</em></strong></span> <span class='ocrx_word' id='word_1_172' title='bbox 547 2465 633 2541; x_wconf 84' lang='grc' dir='ltr'><strong><em>ὅπως</em></strong></span> <span class='ocrx_word' id='word_1_173' title='bbox 661 2465 705 2541; x_wconf 83' lang='grc' dir='ltr'><strong><em>ὡς</em></strong></span> <span class='ocrx_word' id='word_1_174' title='bbox 727 2465 882 2528; x_wconf 87' lang='grc' dir='ltr'><strong><em>κάλλιστα</em></strong></span> <span class='ocrx_word' id='word_1_175' title='bbox 905 2463 1197 2548; x_wconf 83' lang='grc' dir='ltr'><strong><em>κατεσκευασμένοι</em></strong></span> 
     </span>
     <span class='ocr_line' id='line_1_23' title="bbox 197 2567 1198 2654; baseline -0.004 -18"><span class='ocrx_word' id='word_1_176' title='bbox 197 2574 326 2636; x_wconf 85' lang='grc' dir='ltr'><strong><em>ἔσονται</em></strong></span> <span class='ocrx_word' id='word_1_177' title='bbox 353 2570 388 2635; x_wconf 89' lang='grc' dir='ltr'><strong><em>οί</em></strong></span> <span class='ocrx_word' id='word_1_178' title='bbox 412 2570 604 2654; x_wconf 92' lang='grc' dir='ltr'><strong><em>παράδεισοι</em></strong></span> <span class='ocrx_word' id='word_1_179' title='bbox 630 2570 854 2653; x_wconf 83' lang='grc' dir='ltr'><strong><em>ἐπιμελεῖσθαι</em></strong></span> <span class='ocrx_word' id='word_1_180' title='bbox 878 2567 1029 2653; x_wconf 86' lang='grc' dir='ltr'><strong><em>δένδρεσι</em></strong></span> <span class='ocrx_word' id='word_1_181' title='bbox 1052 2568 1198 2646; x_wconf 80' lang='grc' dir='ltr'><strong><em>καὶτοῖς</em></strong></span> 
     </span>
     <span class='ocr_line' id='line_1_24' title="bbox 146 2672 1196 2758; baseline -0.002 -18"><span class='ocrx_word' id='word_1_182' title='bbox 146 2693 178 2740; x_wconf 83' lang='lat'><strong><em>12</em></strong></span> <span class='ocrx_word' id='word_1_183' title='bbox 197 2678 309 2753; x_wconf 84' lang='grc' dir='ltr'><strong><em>ἀλλοις</em></strong></span> <span class='ocrx_word' id='word_1_184' title='bbox 331 2677 431 2740; x_wconf 84' lang='grc' dir='ltr'><strong><em>άπασι</em></strong></span> <span class='ocrx_word' id='word_1_185' title='bbox 453 2681 577 2758; x_wconf 83' lang='grc' dir='ltr'><strong><em>καλοῖς,</em></strong></span> <span class='ocrx_word' id='word_1_186' title='bbox 600 2675 662 2740; x_wconf 88' lang='grc' dir='ltr'><strong><em>όσα</em></strong></span> <span class='ocrx_word' id='word_1_187' title='bbox 679 2674 699 2757; x_wconf 76' lang='grc' dir='ltr'><strong><em>η</em></strong></span> <span class='ocrx_word' id='word_1_188' title='bbox 719 2684 760 2758; x_wconf 79' lang='grc' dir='ltr'><strong><em>γη</em></strong></span> <span class='ocrx_word' id='word_1_189' title='bbox 779 2674 876 2758; x_wconf 73' lang='grc' dir='ltr'><strong><em>φύετ’</em></strong></span> <span class='ocrx_word' id='word_1_190' title='bbox 914 2673 1015 2739; x_wconf 56' lang='grc' dir='ltr'><strong><em>εΦασὶ</em></strong></span> <span class='ocrx_word' id='word_1_191' title='bbox 1033 2672 1073 2738; x_wconf 85' lang='grc' dir='ltr'><strong><em>δέ</em></strong></span> <span class='ocrx_word' id='word_1_192' title='bbox 1088 2673 1196 2757; x_wconf 88' lang='grc' dir='ltr'><strong><em>τινες’,</em></strong></span> 
     </span>
     <span class='ocr_line' id='line_1_25' title="bbox 197 2775 1196 2868; baseline -0.003 -21"><span class='ocrx_word' id='word_1_193' title='bbox 197 2785 258 2867; x_wconf 82' lang='grc' dir='ltr'><strong><em>ἔφη</em></strong></span> <span class='ocrx_word' id='word_1_194' title='bbox 283 2782 300 2847; x_wconf 90' lang='grc' dir='ltr'><strong><em>δ</em></strong></span> <span class='ocrx_word' id='word_1_195' title='bbox 319 2781 508 2864; x_wconf 87' lang='grc' dir='ltr'><strong><em>Σωκράτης,</em></strong></span> <span class='ocrx_word' id='word_1_196' title='bbox 531 2775 569 2844; x_wconf 66' lang='lat'><strong><em>‘0³2</em></strong></span> <span class='ocrx_word' id='word_1_197' title='bbox 588 2782 804 2864; x_wconf 80' lang='grc' dir='ltr'><strong><em>Κριτόβουλε,</em></strong></span> <span class='ocrx_word' id='word_1_198' title='bbox 826 2778 881 2844; x_wconf 83' lang='grc' dir='ltr'><strong><em>καλ</em></strong></span> <span class='ocrx_word' id='word_1_199' title='bbox 904 2779 983 2844; x_wconf 86' lang='grc' dir='ltr'><strong><em>ὅταν</em></strong></span> <span class='ocrx_word' id='word_1_200' title='bbox 1005 2781 1096 2865; x_wconf 80' lang='grc' dir='ltr'><strong><em>δῶρα</em></strong></span> <span class='ocrx_word' id='word_1_201' title='bbox 1114 2780 1196 2868; x_wconf 77' lang='grc' dir='ltr'><strong><em>διδῷ</em></strong></span> 
     </span>
     <span class='ocr_line' id='line_1_26' title="bbox 196 2881 1198 2972; baseline -0.001 -21"><span class='ocrx_word' id='word_1_202' title='bbox 196 2889 361 2970; x_wconf 85' lang='grc' dir='ltr'><strong><em>βασιλεύς,</em></strong></span> <span class='ocrx_word' id='word_1_203' title='bbox 382 2895 514 2970; x_wconf 83' lang='grc' dir='ltr'><strong><em>πρῶτον</em></strong></span> <span class='ocrx_word' id='word_1_204' title='bbox 537 2881 598 2968; x_wconf 76' lang='grc' dir='ltr'><strong><em>μὲν</em></strong></span> <span class='ocrx_word' id='word_1_205' title='bbox 621 2887 783 2949; x_wconf 77' lang='grc' dir='ltr'><strong><em>εἰσκαλεῖν</em></strong></span> <span class='ocrx_word' id='word_1_206' title='bbox 806 2887 883 2960; x_wconf 90' lang='grc' dir='ltr'><strong><em>τοὺς</em></strong></span> <span class='ocrx_word' id='word_1_207' title='bbox 900 2881 1031 2972; x_wconf 84' lang='grc' dir='ltr'><strong><em>πολέμφ</em></strong></span> <span class='ocrx_word' id='word_1_208' title='bbox 1050 2883 1198 2967; x_wconf 77' lang='grc' dir='ltr'><strong><em>ἀγαθοὺς</em></strong></span> 
     </span>
     <span class='ocr_line' id='line_1_27' title="bbox 196 2986 1198 3075; baseline -0.001 -18"><span class='ocrx_word' id='word_1_209' title='bbox 196 2995 387 3075; x_wconf 87' lang='grc' dir='ltr'><strong><em>γεγονότας,</em></strong></span> <span class='ocrx_word' id='word_1_210' title='bbox 410 2991 460 3056; x_wconf 83' lang='grc' dir='ltr'><strong><em>ὅτι</em></strong></span> <span class='ocrx_word' id='word_1_211' title='bbox 483 2986 583 3056; x_wconf 73' lang='grc' dir='ltr'><strong><em>οὐδέν</em></strong></span> <span class='ocrx_word' id='word_1_212' title='bbox 606 2992 725 3074; x_wconf 75' lang='grc' dir='ltr'><strong><em>’όφελος</em></strong></span> <span class='ocrx_word' id='word_1_213' title='bbox 746 2991 851 3056; x_wconf 83' lang='grc' dir='ltr'><strong><em>πολλά</em></strong></span> <span class='ocrx_word' id='word_1_214' title='bbox 874 2989 990 3074; x_wconf 87' lang='grc' dir='ltr'><strong><em>ἀροῦν,</em></strong></span> <span class='ocrx_word' id='word_1_215' title='bbox 1012 2992 1043 3055; x_wconf 91' lang='grc' dir='ltr'><strong><em>εί</em></strong></span> <span class='ocrx_word' id='word_1_216' title='bbox 1064 2992 1108 3074; x_wconf 79' lang='grc' dir='ltr'><strong><em>μη</em></strong></span> <span class='ocrx_word' id='word_1_217' title='bbox 1131 2986 1198 3056; x_wconf 83' lang='grc' dir='ltr'><strong><em>εἷεν</em></strong></span> 
     </span>
     <span class='ocr_line' id='line_1_28' title="bbox 198 3092 1199 3181; baseline -0.002 -19"><span class='ocrx_word' id='word_1_218' title='bbox 198 3098 232 3162; x_wconf 88' lang='grc' dir='ltr'><strong><em>οί</em></strong></span> <span class='ocrx_word' id='word_1_219' title='bbox 257 3095 442 3181; x_wconf 82' lang='grc' dir='ltr'><strong><em>άρηξοντες·</em></strong></span> <span class='ocrx_word' id='word_1_220' title='bbox 474 3096 628 3176; x_wconf 87' lang='grc' dir='ltr'><strong><em>δεύτερον</em></strong></span> <span class='ocrx_word' id='word_1_221' title='bbox 657 3092 693 3160; x_wconf 74' lang='grc' dir='ltr'><strong><em>δὲ</em></strong></span> <span class='ocrx_word' id='word_1_222' title='bbox 720 3097 796 3172; x_wconf 86' lang='grc' dir='ltr'><strong><em>τοὺς</em></strong></span> <span class='ocrx_word' id='word_1_223' title='bbox 822 3096 1118 3172; x_wconf 84' lang='grc' dir='ltr'><strong><em>κατασκευάζοντας</em></strong></span> <span class='ocrx_word' id='word_1_224' title='bbox 1141 3097 1199 3172; x_wconf 82' lang='grc' dir='ltr'><strong><em>τὰς</em></strong></span> 
     </span>
    </p>
   </div>
   <div class='ocr_carea' id='block_1_3' title="bbox 196 3197 1202 3392">
    <p class='ocr_par' dir='ltr' id='par_1_3' title="bbox 196 3197 1202 3392">
     <span class='ocr_line' id='line_1_29' title="bbox 196 3197 1202 3288; baseline -0.003 -21"><span class='ocrx_word' id='word_1_225' title='bbox 196 3204 302 3288; x_wconf 84' lang='grc' dir='ltr'><strong><em>χώρας</em></strong></span> <span class='ocrx_word' id='word_1_226' title='bbox 325 3203 440 3286; x_wconf 86' lang='grc' dir='ltr'><strong><em>άριστα</em></strong></span> <span class='ocrx_word' id='word_1_227' title='bbox 463 3202 518 3265; x_wconf 82' lang='grc' dir='ltr'><strong><em>καί</em></strong></span> <span class='ocrx_word' id='word_1_228' title='bbox 541 3199 695 3284; x_wconf 82' lang='grc' dir='ltr'><strong><em>ἐνεργοὺς</em></strong></span> <span class='ocrx_word' id='word_1_229' title='bbox 716 3210 908 3284; x_wconf 88' lang='grc' dir='ltr'><strong><em>ποιοῦντας,</em></strong></span> <span class='ocrx_word' id='word_1_230' title='bbox 933 3202 983 3267; x_wconf 84' lang='grc' dir='ltr'><strong><em>ὅτι</em></strong></span> <span class='ocrx_word' id='word_1_231' title='bbox 1006 3197 1079 3265; x_wconf 87' lang='grc' dir='ltr'><strong><em>οὐδ’</em></strong></span> <span class='ocrx_word' id='word_1_232' title='bbox 1100 3199 1143 3265; x_wconf 80' lang='grc' dir='ltr'><strong><em>ἂν</em></strong></span> <span class='ocrx_word' id='word_1_233' title='bbox 1165 3201 1202 3266; x_wconf 90' lang='grc' dir='ltr'><strong><em>οί</em></strong></span> 
     </span>
     <span class='ocr_line' id='line_1_30' title="bbox 196 3301 1121 3392; baseline -0.006 -17"><span class='ocrx_word' id='word_1_234' title='bbox 196 3311 327 3392; x_wconf 85' lang='grc' dir='ltr'><strong><em>ἀλκιμοι</em></strong></span> <span class='ocrx_word' id='word_1_235' title='bbox 351 3308 506 3372; x_wconf 89' lang='grc' dir='ltr'><strong><em>δύναιντο</em></strong></span> <span class='ocrx_word' id='word_1_236' title='bbox 531 3310 603 3390; x_wconf 78' lang='grc' dir='ltr'><strong><em>ζῆν,</em></strong></span> <span class='ocrx_word' id='word_1_237' title='bbox 625 3307 657 3370; x_wconf 85' lang='grc' dir='ltr'><strong><em>εί</em></strong></span> <span class='ocrx_word' id='word_1_238' title='bbox 678 3308 721 3390; x_wconf 82' lang='grc' dir='ltr'><strong><em>μη</em></strong></span> <span class='ocrx_word' id='word_1_239' title='bbox 745 3301 811 3371; x_wconf 84' lang='grc' dir='ltr'><strong><em>εἷεν</em></strong></span> <span class='ocrx_word' id='word_1_240' title='bbox 835 3307 870 3371; x_wconf 86' lang='grc' dir='ltr'><strong><em>οί</em></strong></span> <span class='ocrx_word' id='word_1_241' title='bbox 891 3304 1121 3391; x_wconf 84' lang='grc' dir='ltr'><strong><em>έργαζόμενοι.’</em></strong></span> 
     </span>
    </p>
   </div>
   <div class='ocr_carea' id='block_1_4' title="bbox 0 0 1340 3988">
    <p class='ocr_par' dir='ltr' id='par_1_4' title="bbox 0 0 1340 3988">
     <span class='ocr_line' id='line_1_31' title="bbox 0 0 1340 3988; baseline 0 0"><span class='ocrx_word' id='word_1_242' title='bbox 0 0 1340 3988; x_wconf 95' lang='lat' dir='ltr'><strong><em> </em></strong></span> 
     </span>
    </p>
   </div>
  </div>
 </body>
</html>
