2670 3988
151 231 193 297 62
501 233 571 285 XVI.
591 233 805 286 ΙΣΟΚΡΑΤΗΣ.

152 392 301 458 ἐπίδοσιν
329 387 414 458 εἶναι
441 401 498 475 τής
520 391 651 477 ἀρετῆς,
677 390 748 456 ἀλλ’
771 391 894 457 ἐκτῶν
917 385 993 456 καθ’
1015 387 1153 474 ἑκάστην

151 499 211 582 τήν
233 496 358 583 ήμέραν
381 497 660 582 ἐπιτηδευμάτων·
683 499 760 573 τοὺς
778 499 840 582 γὰρ
859 500 1001 574 πολλοὺς
1019 497 1153 580 ὁμοίους

151 613 220 680 τοῖς
237 605 356 686 ήθεσιν
374 603 579 686 ἀποβαίνειν,
597 601 633 667 ἐν
652 593 702 678 οἷς
719 601 761 667 δν
775 601 903 668 ἕκαστοι
917 604 1149 667 παιδευθῶσιν.

153 706 222 792 ἐπεὶ
248 710 288 773 τά
314 731 352 791 γε
378 710 491 791 πλήθη
518 706 573 773 καλ
599 709 656 784 τὰς
682 706 848 793 ἀκριβείας
873 718 939 772 τῶν
961 710 1073 791 νόμων
1095 723 1152 790 ση-

152 825 247 896 μεῖον
276 809 362 879 εἶναι
390 824 450 879 τοῦ
480 824 585 890 κακῶς
613 815 778 879 οἰκεῖσθαι
807 815 868 898 τήν
894 816 992 878 πόλιν
1017 813 1151 896 ταύτην·

153 917 366 1002 έμωράγματα
384 920 447 1005 γάρ
466 919 585 996 αὐτοὺς
603 917 823 1002 ποιουμένους
836 929 902 983 τῶν
916 917 1152 1002 ἁμαρτημάτων

118 1041 133 1090 5
152 1025 295 1100 πολλοὺς
316 1028 471 1089 τίθεσθαι
494 1026 571 1100 τοὺς
592 1026 716 1107 νόμους
738 1021 986 1105 ἀναγκάζεσθαι.
1023 1024 1094 1087 δεῖν
1116 1018 1152 1087 δέ

152 1131 229 1206 τοὺς
256 1129 365 1214 ὀρθῶς
391 1127 665 1213 πολιτευομένους
692 1128 733 1194 οὐ
760 1129 817 1204 τάς
839 1129 936 1204 στοὰς
958 1127 1153 1212 ἐμπιπλάναι

152 1234 362 1318 γραμμάτων,
385 1231 456 1300 ἀλλ’
479 1233 515 1298 ἐν
538 1245 608 1310 ταῖς
629 1243 750 1318 ψυχαῖς
773 1236 860 1317 ἐχειν
882 1235 919 1298 τὸ
942 1234 1084 1298 δίκαιον·
1113 1234 1152 1298 οὐ

153 1341 216 1425 γάρ
234 1351 302 1416 τοῖς
319 1343 539 1425 ψηφίσμασιν,
561 1339 644 1404 ἀλλά
663 1351 732 1415 τοῖς
749 1341 847 1422 ήθεσι
865 1343 971 1414 καλῶς
989 1340 1153 1403 οἰκεῖσθαι

152 1446 209 1522 τὰς
230 1448 352 1528 πόλεις,
373 1443 523 1522 καὶτοὺς
541 1442 601 1529 μέν
619 1455 725 1521 κακῶς
741 1442 988 1529 τεθραμμένους
1004 1441 1060 1508 καλ
1077 1446 1154 1518 τοὺς

153 1549 295 1634 ἀκριβῶς
317 1558 382 1614 τῶν
400 1550 514 1632 νόμων
533 1546 841 1634 ἀναγεγραμμένους
857 1551 1033 1633 τολμήσειν
1051 1570 1153 1632 παρα-

152 1657 293 1739 βαίνειν,
315 1656 392 1731 τοὺς
413 1649 449 1718 δέ
467 1658 573 1731 καλῶς
589 1652 870 1737 πεπαιδευμένους
887 1652 942 1718 καί
959 1665 1028 1730 τοῖς
1046 1652 1154 1730 ἁπλῶς

119 1781 135 1830 6
153 1758 314 1844 κειμένοις
336 1758 508 1843 ἐθελήσειν
531 1758 690 1842 ἐμμένειν.
735 1768 835 1824 ταῦτα
859 1757 1091 1842 διανοηθέντες
1111 1759 1153 1824 οὐ

153 1877 250 1933 τοῦτο
277 1876 407 1951 πρῶτον
431 1863 609 1946 ἐσκόπουν,
636 1861 680 1928 δι’
708 1858 755 1928 ὧν
778 1865 957 1929 κολάσουσι
979 1866 1056 1940 τοὺς
1078 1863 1154 1929 ἀκο-

154 1983 332 2057 σμοῦντας,
360 1968 431 2035 ἀλλ’
460 1969 492 2048 ἐξ
521 1964 568 2035 ὧν
595 1969 881 2053 παρασκευάσουσι
908 1964 1012 2053 μηδέν
1035 1969 1155 2046 αὐτοὺς

153 2077 245 2156 ἀξιον
277 2081 389 2162 ζημίας
419 2075 667 2160 ἐξαμαρτάνειν·
702 2075 846 2158 ἡγοῦντο
876 2075 938 2160 γάρ
967 2085 1064 2141 τοῦτο
1093 2072 1154 2160 μέν

153 2183 262 2248 αὑτῶν
280 2185 378 2266 ἔργον
397 2177 493 2264 εἶναι,
511 2184 548 2247 τὸ
568 2177 604 2246 δὲ
622 2178 696 2266 περὶ
714 2181 771 2257 τδς
787 2184 943 2264 τιμωρίας
960 2182 1155 2261 σπουδάζειν

153 2299 221 2364 τοῖς
243 2286 375 2372 ἐχθροῖς
395 2291 583 2373 προσήκειν.

120 2411 135 2458 '1
215 2390 384 2458 Ἁπάντων
402 2388 463 2476 μέν
482 2387 544 2458 οὖν
559 2391 751 2477 ἐφρόντιζον
763 2401 830 2456 τῶν
842 2395 997 2473 πολιτῶν,
1016 2391 1154 2475 μάλιστα

155 2495 191 2563 δὲ
213 2508 280 2563 τῶν
301 2496 479 2582 νεωτέρων.
516 2495 628 2582 ἑώρων
650 2497 713 2580 γὰρ
736 2498 813 2572 τοὺς
830 2496 1041 2580 τηλικούτους
1057 2518 1153 2580 ταρα·

154 2602 340 2689 χωδέστατα
372 2602 598 2687 διακειμένους
628 2600 681 2666 καὶ
710 2605 872 2667 πλείστων
901 2598 1059 2684 γέμοντας
1087 2599 1154 2665 ἐπι-

153 2717 303 2794 θυμιῶν,
334 2707 388 2774 καλ
415 2709 472 2785 τὰς
498 2709 605 2793 ψυχὰς
631 2707 740 2772 αὐτῶν
768 2706 907 2790 μάλιστα
933 2706 1155 2788 παιδευθῆναι

155 2813 311 2899 δεομένας
333 2817 529 2898 γυμνασίαις
550 2819 660 2878 καλῶν
683 2811 947 2895 ἐπιτηδευμάτων
968 2807 1023 2874 καλ
1040 2812 1155 2888 πόνοις

25 2923 28 2928 “
153 2921 276 3004 ήδονάς
304 2922 449 3004 ἔχουσιν·
480 2919 517 2983 έν
546 2922 660 3003 μόνοις
687 2918 750 3002 γὰρ
781 2915 822 2981 ἀν
851 2917 979 2992 τούτοις
1006 2914 1154 2998 ἐμμεῖναι

149 3028 231 3102 ,τοὺς
253 3025 449 3110 ἐλευθερίως
471 3021 717 3107 τεθραμμένους
739 3021 793 3088 καὶ
816 3020 898 3106 μέγα
915 3031 1053 3106 φρονεῖν
1071 3023 1154 3086 εάθι-

119 3147 135 3196 8
155 3130 304 3216 σμένους.
349 3131 493 3206 ἅπαντας
519 3125 580 3213 μέν
607 3124 670 3194 οὖν
695 3127 747 3193 ἐπὶ
769 3128 826 3203 τὰς
848 3127 947 3204 αὐτὰς
968 3127 1061 3208 ἀγειν
1084 3127 1154 3191 δια-

153 3237 266 3322 τριβάς
296 3236 356 3320 οὐχ
386 3226 459 3300 οἷόν
488 3231 515 3298 τ’
543 3229 601 3317 ήν,
631 3233 809 3318 ἀνωμάλως
835 3233 875 3297 τδι
901 3228 976 3315 περὶ
998 3233 1057 3296 τὸν
1079 3235 1155 3315 βίον

155 3345 301 3427 ἔχοντας·
325 3339 369 3416 ὡς
392 3334 428 3402 δέ
451 3340 532 3424 πρὸς
554 3339 614 3422 τήν
633 3339 750 3403 οὐσίαν
769 3337 939 3420 ήρμοττεν,
962 3336 1064 3413 οὕτως
1084 3333 1155 3401 ἐκά-

154 3464 243 3523 στοις
264 3442 493 3531 προσέταττον.
529 3446 607 3520 τοὺς
629 3440 688 3528 μέν
711 3443 774 3526 γάρ
797 3439 1034 3527 ὑποδεέστερον
1056 3442 1155 3526 πράτ-

154 3574 269 3628 τοντας
301 3545 354 3614 ἐπὶ
382 3548 439 3625 τὰς
468 3551 628 3635 γεωργίας
656 3546 710 3613 καλ
738 3548 794 3624 τδς
825 3546 980 3630 ἐμπορίας
1009 3549 1155 3633 ἔτρεπον,
