2670 3988
173 219 215 282 28
496 219 543 270 lx.
563 213 849 287 [moraniur]

171 377 353 463 Ἀθηναῖον
380 378 459 443 ὄντα
485 375 540 442 καὶ
566 378 606 442 τὰ
630 378 713 458 πρὸς
735 377 856 457 πατρὸς
877 372 932 440 καὶ
954 376 993 440 τά
1015 376 1096 458 πρὸς
1117 397 1177 456 μη-

174 488 261 570 τρός,
283 486 338 549 καί
362 485 527 568 μάρτυρας
549 483 687 564 τούτων,
710 481 768 558 οὓς
789 482 883 565 ὑμεῖς
904 480 1039 565 ἀληθεῖς
1060 476 1173 564 φήσετ’

174 586 276 672 εἶναι,
305 587 547 680 παρασχέσθαι,
577 588 634 663 τὰς
662 583 699 652 δὲ
726 589 894 671 λοιδορίας
919 584 973 652 καὶ
995 586 1052 662 τὰς
1074 586 1178 660 αἰτίας

174 694 319 760 ἀνελεῖν·
351 695 436 778 ὑμᾶς
465 695 499 758 δ’
524 692 728 768 ἀκούσαντας
754 693 897 774 τούτων,
925 691 985 756 ἐὰν
1011 686 1072 773 μὲν
1097 690 1177 773 ὑμῖν

174 803 308 883 πολίτης
335 799 382 864 ὢν
409 798 685 862 κατεστασιάσθαι
713 798 817 877 δοκῶ,
845 794 974 884 σῴζειν,
1001 797 1032 860 εί
1058 791 1094 860 δὲ
1121 798 1178 879 μή,

174 905 327 989 πράττειν
351 905 468 970 ὁποῖον
490 903 532 968 άν
555 927 586 967 τι
609 903 690 987 ὑμῖν
714 898 845 986 εὐσεβὲς
868 897 953 966 εἶναι
976 902 1066 986 δοκῇ.

385 1023 531 1094 (Secuntur
549 1024 715 1092 argumenta
734 1024 763 1076 et
780 1021 963 1090 testimonia.)

276 1272 331 1338 IX.
359 1272 407 1338 De
429 1272 585 1358 impensis
608 1272 837 1355 laboribusque
860 1270 1075 1336 trierarchiae.

395 1393 510 1465 paen]
529 1393 551 1447 L
570 1399 665 1448 ι-ιο.
689 1397 803 1449 ιο-οε.
827 1393 952 1462 ιι-ει.)

246 1516 442 1598 Apolludorus,
460 1515 534 1569 filius
548 1515 676 1569 Panionia
695 1513 848 1584 argentarii
861 1531 944 1583 quem
957 1514 1077 1584 populus
1090 1513 1177 1568 Athe-

176 1585 316 1642 niensium
333 1587 363 1640 in
382 1586 525 1640 civitatem
542 1587 701 1668 receperat,
721 1603 784 1640 cum
803 1602 875 1666 anno
895 1584 937 1639 Ol.
953 1591 1012 1652 104,
1026 1592 1042 1640 3
1062 1590 1098 1654 (a.
1113 1585 1176 1640 Chr.

177 1657 254 1729 tttll
255 1659 266 1727 )
240 1656 477 1738 ltrierarehiam
495 1655 576 1709 sibi
568 1675 626 1726 rmp
628 1659 736 1710 aratam
748 1655 836 1710 nimia
848 1655 1020 1736 liberalitate
1034 1655 1177 1724 gessisset,

178 1744 250 1781 anno
274 1727 401 1796 proximo
428 1727 532 1780 frustra
559 1676 734 1796 exspectavit
756 1726 910 1795 Polyclem,
938 1725 984 1780 eui
1010 1744 1073 1780 eum
1101 1725 1176 1780 socio

177 1797 412 1868 (συντριήραρχος)
431 1797 597 1878 trierarphia
613 1799 800 1865 obvenerats
791 1815 821 1850 m
838 1797 931 1850 locum
945 1814 1025 1851 suum
1041 1812 1101 1851 esse
1116 1813 1177 1850 sue-

175 1885 329 1934 cessurum
344 1885 400 1936 qua
413 1884 443 1921 re
457 1867 589 1936 quoniam
601 1867 665 1948 plus
679 1841 812 1935 quattuor
824 1866 965 1922 mensibus
979 1867 1056 1920 ultra
1066 1870 1177 1949 tempus

174 1938 333 2008 legitimum
359 1956 459 1993 munus
485 1937 640 2007 praestitit,
617 1937 719 1992 tlite
747 1937 869 2006 intenta,
897 1937 963 1992 ut'
954 1954 1096 2006 rmpensae
1123 1936 1178 1992 sibi

175 2010 371 2091 restituantur,
400 2009 436 2062 ab
463 2008 513 2062 illo
540 2009 672 2077 postulat.
714 2007 819 2062 bellum
847 2011 908 2062 tum
935 2008 1070 2076 gerebant
1091 2008 1178 2062 Athe-

175 2079 286 2134 nienses
318 2084 415 2134 eontra
441 2078 628 2132 Alexandrum
657 2079 810 2132 Pherarum
840 2081 990 2147 tyrannum
1023 2083 1052 2132 et
1078 2079 1178 2134 Cotum

176 2167 270 2220 regern
293 2149 442 2204 Thracium
465 2152 493 2203 et
515 2149 660 2203 civitatem
681 2149 899 2217 Byzantinorum
922 2149 1048 2217 aliasque
1071 2149 1178 2204 mariti·

176 2238 237 2274 maa
243 2236 341 2290 ,quae
358 2237 444 2274 naves
462 2219 675 2274 Atheniensium
692 2219 888 2273 frumentarias
907 2219 960 2289 dep
961 2219 1124 2274 rendebant.
1143 2251 1177 2262 -

177 2264 263 2345 Videt
251 2293 296 2344 tur
313 2290 420 2358 Polycli
443 2307 509 2344 aura
526 2290 669 2344 navalium
687 2290 822 2344 mandata
838 2287 937 2357 fuisse,
957 2289 981 2343 si
999 2292 1074 2345 reete
1092 2290 1178 2345 inter-

176 2364 318 2498 pretaprur
339 2361 425 2415 verba
448 2367 528 2428 W.
552 2360 595 2416 ότι
617 2362 650 2414 οδ
673 2355 787 2430 ἀδόκιμ’
808 2333 941 2430 ἐποίησας
963 2360 1036 2415 ataui
1054 2359 1124 2432 (seii
1143 2361 1178 2416 τὰ

177 2433 261 2502 οκεόη

146 2605 159 2658 1
237 2590 381 2680 Ἑβδόμη
409 2598 591 2679 φθίνοντος
613 2604 884 2678 μεταγειτνιῶνος
906 2596 1008 2678 μηνὸς
1030 2590 1082 2658 ἐπὶ
1104 2597 1178 2659 Μό-

177 2703 283 2777 λωνος
304 2700 472 2784 άρχοντος,
496 2698 665 2782 ἐκκλησίας
683 2697 860 2783 γενομένης
876 2697 932 2763 καὶ
949 2697 1178 2782 εἰσαγγελθέν-

177 2829 243 2871 των
260 2805 341 2889 ὑμῖν
359 2809 490 2870 πολλῶν
509 2803 564 2870 καὶ
577 2805 728 2889 μεγάλων
742 2805 952 2889 πραγμάτων,
971 2803 1177 2889 ἐψηφίσασθε

176 2911 234 2987 τδις
255 2920 337 2986 ναῦς
358 2907 533 2976 καθέλκειν
555 2913 632 2987 τοὺς
652 2910 882 2995 τριηράρχους·
907 2903 953 2975 ὧν
971 2909 1026 2976 καὶ
1045 2910 1108 2993 ἐγὼ
1126 2905 1178 2994 ἣν.

177 3014 232 3081 καὶ
260 3019 319 3082 τὸν
348 3012 409 3099 μὲν
437 3017 554 3100 καιρὸν
581 3017 639 3080 τὸν
667 3018 895 3099 συμβεβηκότα
921 3023 961 3100 τῇ
985 3018 1080 3081 πόλει
1105 3019 1178 3082 τότε

178 3121 239 3187 οὐκ
253 3117 309 3206 ἐμὲ
323 3123 376 3186 δεῖ
387 3121 581 3204 διεξελθεῖν,
595 3117 666 3185 ἀλλ’
682 3121 768 3204 ὑμᾶς
781 3121 902 3198 αὐτοὺς
914 3120 1179 3206 ἀναμνησθῆναι,

178 3227 228 3293 ὅτι
252 3231 356 3311 Τῆνος
378 3224 438 3311 μὲν
455 3223 691 3311 καταληφθεῑσ
713 3224 770 3291 ὑπ’
787 3223 1005 3311 Ἀλεξάνδρου
1024 3224 1178 3310 ἐξηνδρα-

145 3334 341 3415 1ποδίσθη,
369 3333 585 3415 Μιλτοκύθης
612 3329 643 3396 δ’
671 3331 858 3415 ἀφειστήκει
882 3331 948 3396 άπὸ
972 3333 1099 3407 Κότυος
1124 3331 1180 3397 καὶ

179 3437 331 3523 πρέσβεις
358 3435 536 3522 ἐπεπόμφει
563 3435 637 3521 περὶ
665 3440 848 3521 συμμαχίας
875 3439 1014 3520 βοηθεῖν
1036 3438 1179 3503 κελεύων

180 3541 234 3606 καὶ
257 3543 316 3624 τὴν
336 3545 548 3626 Χερρόνησον
566 3541 757 3624 ἀποδιδούς,
779 3545 1025 3625 Προκοννήσιοι
1043 3539 1081 3607 δὲ
1098 3544 1178 3627 σύμ-
