2670 3988
158 219 201 282 52
464 221 537 273 xm
559 219 843 290 [Δομοεοααιιεη

107 395 138 442 12
157 389 226 455 τοῖς
248 376 444 463 ἀργυρείοις,
467 378 528 442 ὅσα
550 378 585 443 οί
599 382 696 462 νόμοι
716 377 812 462 ἀτελῆ
830 376 1065 462 πεποιήκασιν]
1102 375 1157 464 (ού

158 480 311 569 scribam)
330 488 456 567 μᾶλλον
475 479 511 548 δὲ
529 482 602 566 λέγε
621 485 680 548 τὸν
697 488 802 567 νόμον
820 484 931 549 αὐτόν.
961 485 1079 567 μικρὸν
1096 478 1158 566 μέν

158 582 220 652 οὖν
242 587 378 671 ἐπίσχες.
400 624 436 636 -
459 587 522 670 ἐγὼ
545 589 608 672 γάρ
631 590 685 652 καί
708 591 869 673 πρότερον
890 589 1158 674 προεκαλεσάμην

160 695 361 776 Φαίνιππον,
384 690 438 758 καὶ
459 702 535 776 νῦν,
558 689 584 757 ὦ
607 693 725 777 άνδρες
746 696 906 778 δικασταί,
930 691 1045 778 δίδωμ’
1068 693 1156 780 αὐτῷ

160 798 300 881 δωρειάν
323 795 378 862 καὶ
400 796 580 880 ἀφίσταμαι
600 797 680 880 μετά
698 806 754 880 τῆς
772 799 872 880 άλλης
890 797 1004 875 οὐσίας
1020 796 1074 863 καὶ
1092 809 1158 864 τῶν

159 901 195 966 έν
217 912 286 978 τοῖς
309 897 427 987 ἔργοις,
450 901 508 966 έάν
530 926 586 985 μοι
605 903 665 984 την
683 902 836 987 ἐσχατιὰν
854 906 960 987 μόνην
979 903 1158 984 ἐλευθέραν

158 1009 307 1095 παραδῶ,
331 1009 438 1092 ῶσπερ
460 1002 515 1090 ἡν,
538 1005 584 1072 ὅτ’
607 1007 671 1090 ἐγὼ
694 1010 731 1073 τὸ
753 1019 884 1092 πρῶτον
906 1003 1014 1091 ἦλθον
1037 1012 1083 1085 είς
1100 1009 1158 1075 αό-

158 1113 219 1194 την
241 1113 320 1196 μετὰ
343 1113 534 1196 μαρτύρων,
556 1109 611 1176 καὶ
635 1111 704 1195 ἐάν,
726 1112 766 1177 ὃν
788 1111 900 1197 ἐξῆχεν
923 1113 1046 1178 ἐκτῶν
1069 1117 1158 1198 οἰκη-

159 1218 270 1301 μάτων
298 1229 390 1282 σῖτον
417 1213 471 1281 καὶ
499 1213 593 1282 οἶνον
619 1215 673 1281 καὶ
701 1218 818 1300 τᾶλλα,
844 1217 975 1301 ἀφελὼν
1002 1217 1065 1284 άπὸ
1091 1229 1158 1283 τῶν

159 1329 275 1406 θυρῶν
303 1323 341 1386 τά
369 1333 501 1404 σημεῖα,
528 1330 629 1385 ταῦτα
653 1322 753 1385 πάλιν
776 1325 823 1398 είς
844 1323 942 1387 ταύτὸ
966 1327 1158 1410 καταστηση.

109 1445 140 1492 13
159 1425 214 1492 καλ
242 1431 275 1492 τί
300 1425 404 1508 λέγεις
432 1430 479 1492 ἔτι
502 1425 556 1490 καὶ
578 1430 673 1512 βοᾷςς
702 1425 795 1492 πόλλ’
818 1426 854 1492 ἐκ
875 1440 942 1493 τῶν
965 1432 1070 1511 ἔργων
1092 1439 1159 1493 τῶν

161 1532 347 1617 ἀργυρείων
367 1532 442 1615 ἐγώ,
467 1535 642 1614 Φαίνιππε,
660 1535 820 1616 πρότερον
839 1533 937 1610 αὐτὸς
953 1543 998 1620 τῶ
1017 1533 1159 1617 ἐμαυτοῦ

160 1638 283 1721 σώματι
304 1648 416 1702 πονῶν
438 1634 493 1701 καί
512 1635 724 1720 ἐργαζόμενος
741 1636 975 1722 συνελεξάμην·
999 1639 1158 1721 ὁμολογῶ.

160 1739 238 1808 νυνὶ
260 1739 298 1808 δὲ
320 1743 406 1824 πλὴν
429 1742 551 1823 ὀλίγων
573 1735 688 1806 ἅπαντ’
709 1740 909 1807 ἀπολώλεκα.
941 1746 982 1808 σὺ
1001 1740 1031 1808 δ’
1049 1743 1085 1808 ἐκ
1102 1752 1159 1825 τῆς

160 1846 308 1932 ἐσχατιᾶς
329 1855 393 1912 νῦν
415 1852 534 1911 πωλῶν
556 1847 614 1922 τὰς
634 1847 753 1931 κριθάς
775 1846 1159 1932 ὀκτωκαιδεκαδράχμους

159 1949 214 2016 καὶ
236 1953 294 2016 τὸν
318 1947 410 2017 οἶνον
434 1952 719 2036 δωδεκάδραχμον,
741 1956 892 2028 πλουτεῖς
909 1955 1051 2036 εἰκότως,
1073 1951 1158 2018 έπει-

160 2057 223 2122 δάν
245 2066 340 2141 ποιῇς
363 2059 454 2121 σίτου
473 2053 533 2140 μὲν
552 2058 731 2141 μεδίμνους
747 2055 848 2122 πλέον
865 2056 887 2140 ἣ
904 2061 1041 2141 χιλίους,
1063 2064 1159 2123 οίνου

111 2179 143 2227 14
162 2158 199 2226 δὲ
233 2165 390 2246 μετρήτας
418 2157 500 2246 ὑπὲρ
531 2161 750 2238 ὀκτακοσίους.
800 2160 843 2226 ἔτ’
875 2156 937 2227 οὖν
965 2161 1025 2243 τὴν
1055 2162 1159 2245 αὐτὴν

161 2267 243 2350 ἡμᾶς
269 2265 361 2344 τάξιν
388 2269 475 2351 ἔχειν
498 2267 564 2348 δεῖ,
590 2268 634 2350 μη
657 2275 714 2350 τῆς
736 2267 835 2350 αὐτῆς
857 2268 956 2350 τύχης
976 2266 1056 2349 ἡμῖν
1078 2290 1158 2351 παρ-

161 2374 411 2456 ακολουθούσης
429 2382 493 2438 νῦν
515 2395 549 2436 τε
573 2370 627 2436 καὶ
648 2374 823 2456 πρότερον;
846 2372 1014 2455 μηδαμῶς·
1036 2371 1077 2438 οό
1096 2373 1159 2456 γάρ
1229 2435 1232 2441 ,

162 2479 300 2543 δίκαιον.
344 2477 427 2542 άλλά
455 2476 600 2555 διάδεξαι
626 2474 682 2541 καὶ
709 2479 750 2541 σὺ
776 2475 832 2542 καὶ
859 2476 1018 2560 μετάλαβε
1040 2479 1159 2562 μικρὸν

161 2586 283 2667 χρόνον
304 2589 362 2665 τῆς
384 2583 443 2647 τὀῦ
466 2586 736 2666 λειτουργοῦντος
757 2579 887 2664 τάξεως,
910 2579 1020 2663 ἐπειδὴ
1044 2581 1079 2646 οί
1098 2577 1160 2664 μὲν

162 2687 198 2753 ἐν
226 2699 295 2764 τοῖς
324 2689 432 2772 ἔργοις
461 2688 677 2771 ἠτυχήκασιν,
706 2686 799 2770 ὑμεῖς
826 2683 855 2752 δ’
879 2685 914 2751 οἱ
937 2695 1160 2769 γεωργοῦντες

161 2793 328 2878 εὐπορεῖτε
351 2798 477 2876 μᾶλλον
499 2792 710 2877 ἧπροσῆκευ.
750 2791 864 2856 ίκανδν
881 2791 943 2874 γὰρ
962 2793 1084 2874 χρόνον
1102 2785 1154 2854 δύ’

162 2898 275 2975 οὐσίας
295 2899 522 2983 καρπούμενος
545 2899 713 2979 διατελεῖς,
735 2896 795 2978 τὴν
818 2891 879 2978 μὲν
900 2905 960 2961 τοῦ
983 2895 1080 2979 φύσει
1098 2915 1158 2958 ιτα-

161 3006 237 3088 τρὸς
258 3006 469 3084 Καλλίππου,
495 3004 555 3085 τὴν
582 2998 619 3066 δὲ
646 3010 705 3066 τοῦ
732 2998 955 3083 ποιησαμένου
978 3014 1030 3081 σε,
1059 3002 1158 3063 Φιλο-

162 3107 302 3193 στράτου
320 3117 379 3173 τοῦ
396 3109 544 3193 ῥήτορος,
562 3106 617 3171 καί
631 3101 730 3170 οὐδὲν
743 3106 871 3169 πώποτε
885 3105 1013 3180 τούτοις
1025 3106 1158 3184 πεποίη-

111 3231 142 3279 ιο
162 3237 228 3290 κας.
264 3215 369 3278 καίτοι
391 3213 410 3279 δ
432 3207 494 3295 μὲν
516 3211 592 3295 ἐμὸς
614 3211 719 3295 πατὴρ
741 3207 836 3274 πέντε
854 3211 908 3273 καί
925 3209 1160 3293 τετταράκοντα

161 3330 253 3403 μνῶν
271 3321 383 3401 μόνων
402 3313 553 3404 ἑκατέρω,
576 3314 648 3400 ἐμοὶ
666 3313 720 3380 καί
738 3322 783 3401 τῷ
801 3312 946 3401 ἀδελφῷ,
963 3315 1023 3397 τὴν
1042 3312 1159 3378 ούσίαν

161 3422 343 3504 κατέλιπεν,
366 3419 421 3506 ἀφ’
444 3416 484 3504 ἧς
507 3424 563 3504 ξῆν
586 3421 626 3486 οὐ
650 3417 769 3506 ῥᾴδιόν
792 3417 894 3483 ἐστιν·
917 3418 952 3483 οί
972 3415 1010 3483 δὲ
1028 3414 1081 3483 σοὶ
1099 3437 1158 3481 ποι-

161 3525 250 3610 τέρες
271 3526 437 3592 τοσούτων
459 3521 543 3608 ἦσαν
565 3525 674 3608 κύριοι
691 3523 878 3608 χρημάτων,
900 3520 985 3588 ὥσθ’
1007 3519 1160 3607 ἕκατέρού
