2670 3988
478 218 537 268 vn.
557 214 844 285 [ΔΗΜοΣοεοΗΣ]
1121 211 1165 276 23

162 371 421 457 ἐνδεδειγμένοις
447 377 509 458 τὴν
537 376 671 440 εὔνοιαν
698 386 743 462 τῷ
772 376 865 462 δήμφ
892 371 947 438 καί
973 371 1166 457 προεμένοις

162 479 288 543 ἅπαντα
319 480 358 543 τά
388 480 497 546 αὑτῶν
524 479 577 545 καλ
604 481 723 556 παῖδας
749 479 804 544 καὶ
831 490 989 561 γυναῖκας
1017 489 1164 542 σκοπεῖτε

161 595 229 660 πῶς
251 583 402 667 μετέδοτε
424 594 481 669 τῆς
502 589 675 661 πολιτείας.
712 585 747 650 ἐκ
770 586 831 668 γάρ
854 594 921 648 τῶν
943 582 1163 666 ψηφισμάτων

113 725 116 730 ¹
161 701 228 754 τῶν
256 689 423 776 ὑμετέρων
451 693 640 775 καταφανὴς
668 699 768 755 πᾶσιν
798 693 886 754 έσται
917 690 934 756 δ
964 693 1081 773 νόμος,
1111 687 1164 752 καὶ

162 793 325 877 γνώσεσθ’
347 795 397 860 ὅτι
425 795 533 879 άληθη
557 795 650 878 λέγω.
695 798 753 860 καί
771 818 827 879 μοι
851 791 930 878 λαβὲ
952 795 989 860 τὸ
1012 797 1165 879 ψήφισμα

162 909 258 967 τοῦτο
281 898 336 966 καὶ
359 901 530 984 ἀνάγνωθι
552 901 671 977 αὐτοῖς.

345 1015 555 1124 ΨΗΦΙΣΜΑ
577 1057 684 1123 ΠΕΡΙ
707 1028 982 1122 Πλλωλιοοα.

224 1195 345 1283 Ὁρᾶί,
368 1195 394 1264 ὦ
418 1199 535 1284 άνδρες
554 1194 735 1282 Ἀθηναῖοι,
760 1199 803 1275 ὡς
825 1203 931 1273 καλῶς
953 1195 1008 1262 καὶ
1031 1198 1164 1273 δικαίως
1185 1211 1215 1259 16

162 1306 305 1390 ἔγραφεν
329 1305 346 1370 ὁ
370 1304 478 1388 ῥήτωρ
501 1300 665 1388 ὑπδρτοῦ
689 1306 795 1387 δημον
813 1313 872 1369 τοῦ
887 1301 1086 1386 Ἀθηναίων,
1109 1299 1163 1366 καὶ

162 1407 279 1492 ἠξίωσε
301 1413 379 1485 τοὺς
393 1406 576 1485 Πλαταιέας
594 1409 820 1492 λαμβάνοντας
836 1410 897 1492 την
916 1409 1058 1491 δωρειάν
1076 1418 1164 1491 πρῶ-

162 1538 221 1579 τον
248 1511 309 1598 μὲν
337 1517 580 1598 δοκιμασθῆναι
607 1513 643 1579 ἐν
670 1523 715 1601 τῷ
744 1515 941 1600 δικαστηρίῳ
967 1509 1035 1577 κατ’
1056 1514 1164 1595 ἄνδρα

162 1618 312 1704 ἕκαστον,
335 1622 366 1685 εί
386 1623 453 1685 ἔστι
473 1621 657 1696 Πλαταιεὺς
680 1617 734 1684 καὶ
756 1621 787 1683 εί
807 1630 873 1684 τῶν
896 1621 1003 1702 φίλων
1023 1629 1090 1682 τῶν
1108 1626 1164 1700 τῆς

162 1729 303 1809 πόλεως,
330 1727 385 1790 ἵνα
412 1728 455 1809 μὴ
483 1723 535 1789 ἐπὶ
561 1726 662 1809 ταύτη
684 1733 723 1808 τῇ
746 1723 908 1807 προφάσει
931 1721 1047 1788 πολλοὶ
1070 1745 1164 1806 μετα-

163 1831 288 1913 λάβωσι
311 1839 367 1914 τῆς
384 1833 562 1906 πολιτείας·
587 1833 695 1894 ἔπειτα
712 1832 790 1906 τοὺς
809 1828 1070 1914 δοκιμασθέντας
1087 1827 1165 1893 άνα-

164 1945 330 2021 γραφῆναι
358 1935 394 2000 ἐν
425 1939 525 2019 στηλη
556 1940 670 2019 λιθίνη
699 1932 753 1998 καί
783 1943 898 2017 στῆσαι
927 1934 963 1999 ἐν
991 1933 1164 2018 ἀκροπόλει

163 2042 250 2124 παρὰ
273 2049 311 2124 τῇ
334 2046 419 2124 θεῷ,
447 2040 501 2102 ἳνα
524 2035 662 2126 σφ’ζηται
685 2038 704 2121 η
729 2039 849 2122 δωρειδι
871 2050 939 2115 τοῖς
961 2036 1165 2122 ἐπιγιγνομέ-

163 2169 234 2221 νοις
267 2144 321 2210 καὶ
353 2138 373 2230 ᾖ
403 2142 578 2227 ἐξελέγξαι,
609 2145 686 2209 ὅτου
714 2143 755 2208 άν
774 2142 915 2220 ἕκαστος
947 2137 967 2228 ᾗ
995 2144 1164 2227 συγγενής.

163 2250 218 2316 καὶ
244 2251 384 2335 ὕστερον
412 2249 472 2314 οὐκ
499 2247 537 2335 έᾷ
563 2252 738 2332 γίγνεσθαι
760 2247 939 2330 Ἀθηναῖον
967 2247 1101 2331 ἐξεῖναι,
1128 2247 1164 2324 ὃς
1184 2261 1215 2309 17

164 2356 206 2420 άν
233 2357 276 2440 μὴ
300 2366 363 2421 νῦν
386 2353 517 2438 γένηται
540 2353 594 2418 καὶ
617 2356 802 2438 δοκιμασθῇ
828 2354 930 2440 ἐντῷ
956 2356 1164 2442 δικαστηρίῳ,

164 2471 224 2526 τοῦ
243 2463 286 2544 μὴ
305 2464 448 2536 πολλοὺς
465 2461 650 2544 φάσκοντας
664 2457 848 2536 Πλαταιέας
865 2454 949 2523 εἶναι
968 2459 1165 2523 κατασκευά-

166 2569 231 2644 ζειν
254 2565 365 2641 αὑτοῑς
386 2569 562 2636 πολιτείαν.
596 2567 704 2629 ἔπειτα
722 2562 775 2628 καὶ
794 2566 852 2629 τὸν
870 2566 975 2647 νόμον
994 2561 1159 2647 διωρίσαά

165 2669 202 2735 ἐν
224 2679 268 2758 τῷ
291 2675 474 2754 ψηφίσματι
497 2672 578 2755 πρὸς
599 2670 719 2746 αὐτοὺς
742 2667 824 2751 ὑπέρ
842 2692 875 2733 τε
893 2677 951 2751 τῆς
968 2672 1092 2744 πόλεως
1110 2667 1164 2732 καὶ

163 2787 230 2840 τῶν
253 2783 354 2857 θεῶν,
377 2777 420 2859 μὴ
445 2774 563 2853 ἐξεῖναι
586 2775 694 2841 αὐτῶν
715 2773 832 2859 μηδενὶ
849 2785 915 2839 τῶν
934 2772 1030 2839 ἐννέα
1048 2772 1164 2858 ἀρχόν-

164 2903 230 2945 των
249 2885 360 2965 λαχείν
379 2877 454 2965 μηδ’
472 2881 833 2965 ίερωσύνηςμηδεμιᾶς,
851 2891 919 2956 τοῖς
933 2876 964 2944 δ’
977 2877 1013 2944 ἐκ
1026 2879 1165 2962 τούτων,

163 2985 206 3052 άν
238 2983 320 3052 ὦσιν
352 2986 384 3064 ἐξ
414 2985 513 3070 άστης
542 2989 697 3070 γυναικὸς
725 2984 780 3050 καί
810 2985 968 3069 ἐγγυητῆς
996 2985 1077 3049 κατά
1107 2986 1164 3049 τὸν

165 3094 278 3176 νόμον.
