2670 3988
196 213 240 277 38
538 217 572 268 X.
590 215 852 269 ΔΗΜΟΣΘΕΝΗΣ.

194 373 347 457 ἀνήλωσα
376 372 431 439 καὶ
458 386 524 440 τῶν
551 376 719 459 δημοσίων
746 377 866 459 ἔλαβον
894 373 1009 457 οὐδέν,
1038 369 1130 439 οὗτοι
1158 370 1192 437 δ’

193 475 360 562 ὑμετέροις
377 475 550 563 κέχρηνται
567 476 623 544 καὶ
640 490 706 543 τῶν
725 475 892 563 σφετέρων
911 474 1011 543 οὐδὲν
1028 480 1075 556 είς
1092 488 1195 544 ταῦτα

193 592 370 666 προεῖνται.
414 582 470 648 καὶ
496 585 561 668 μήν
591 581 663 648 οὐδ’
690 583 731 648 ἂν
759 583 865 649 ε’κεῖνό
893 581 924 667 γ’
950 586 1057 668 ἔχοιεν
1079 585 1196 667 εἰπεῖν,

194 688 238 764 ώς
259 685 469 772 ἀνεπειρῶντ’
493 687 574 773 ἐμοῦ
595 691 761 774 πρότεροι·
785 686 864 774 πρὶν
883 689 945 773 γάρ
964 683 1072 773 ήφθαι
1090 692 1195 773 μόνον

194 801 251 876 τής
279 795 434 878 τριήρους
462 795 613 877 τούτους,
645 793 853 877 ἐπεπλήρωτό
886 817 960 877 μοι,
995 792 1050 859 καὶ
1077 793 1195 870 πάντες

195 895 315 982 ἑωρᾶθ’
348 899 441 983 ὑμεῖς
470 897 738 984 ἀναπειρωμένην
768 901 828 983 τήν
855 909 950 964 ναῦν.
994 901 1100 965 καίτοι
1115 890 1196 975 ’πῶς

195 1005 258 1068 είσι
282 1005 403 1070 δίκαιοι
425 1015 526 1070 ταῦτα
548 1001 608 1089 μὲν
631 1005 770 1090 ὕστερον
793 1004 1051 1089 ἐξαναπληροῦν,
1072 1014 1136 1071 νῦν
1160 1001 1190 1069 δ’

195 1110 239 1186 ώς
260 1121 385 1194 πρῶτοι
406 1111 732 1195 παρασκευασάμενοι
754 1113 813 1176 τὸν
836 1109 999 1195 στέφανον
1021 1114 1150 1194 λαβεῖν;

161 1232 176 1280 6
257 1213 420 1300 Ἡγοῦμαι
447 1219 578 1299 τοίνυν,
605 1215 656 1280 ὅτι
678 1212 739 1300 μέν
761 1213 937 1280 δικαιότατ’
964 1215 1005 1280 ἀν
1029 1217 1195 1299 στεφανώ-

195 1318 277 1385 σαιτ’
300 1319 368 1405 έμέ,
389 1321 451 1386 κάν
474 1317 578 1405 μηδὲν
601 1323 751 1397 εἰπόντος
773 1319 855 1405 έμοῦ
879 1322 1074 1403 γιγνώσκειν
1096 1319 1193 1404 ὑμᾶς·

195 1425 245 1489 ὅτι
272 1423 303 1490 δ’
329 1425 370 1492 οὑ
396 1425 524 1511 μέτεστι
550 1429 664 1510 μόνοις
689 1427 818 1502 τούτοις
844 1425 918 1510 περὶ
946 1434 1006 1491 τοῦ
1030 1427 1194 1510 στεφάνου

195 1532 305 1613 λόγος,
337 1531 425 1598 τοῦτ’
458 1531 614 1610 ἐπιδεῖξαι
646 1533 816 1616 βούλομαι.
866 1535 973 1598 πόθεν
1004 1525 1066 1597 οὖν
1097 1541 1194 1598 τοῦτο

194 1632 322 1720 μάλιστ’
348 1641 438 1703 ἔσται
465 1640 582 1722 δήλον;
612 1634 669 1722 ἀφ’
696 1632 742 1702 ὧν
766 1635 860 1703 αύτοὶ
883 1639 1092 1720 πεποιήκασι·
1123 1653 1194 1702 σκε-

193 1741 336 1826 ψάμενοι
353 1744 416 1828 γάρ
434 1746 493 1809 τὸν
513 1743 545 1821 ἐξ
565 1743 736 1829 ἐλαχίστου
754 1753 964 1828 τριηραρχεῖν
977 1744 1194 1826 βουλόμενον,

195 1849 422 1931 μεμισθώκασι
443 1850 503 1934 τήν
526 1851 740 1933 λειτουργίαν.
776 1851 882 1913 καίτοι
904 1859 972 1924 πῶς
994 1847 1056 1912 οὑκ
1077 1848 1194 1913 άδικον

195 1963 260 2017 τῶν
290 1949 351 2035 μὲν
380 1953 602 2038 ἀναλωμάτων
630 1950 862 2037 ἀφεστηκέναι,
890 1963 956 2017 τῶν
984 1949 1021 2018 δέ
1043 1952 1193 2036 γιγνομέ-

194 2081 264 2122 νων
287 2054 331 2122 δι’
353 2056 462 2123 ἐκεῖνα
480 2069 583 2142 τιμῶν
601 2056 716 2135 ἀξιοῦν
735 2055 862 2136 ἑαυτοῖς
880 2069 1037 2142 μετεῖναι;
1060 2055 1194 2124 καὶτοῦ

195 2159 255 2247 μὲν
278 2164 322 2247 μή
345 2168 554 2250 περιορμίσαι
575 2164 636 2246 τήν
659 2173 744 2229 ναῦν
766 2166 838 2230 τότε
861 2166 919 2229 τὸν
941 2162 1194 2248 μεμισθωμένον

194 2269 379 2352 αἰτιᾶσθαι,
405 2281 471 2334 τῶν
499 2265 536 2333 δέ
563 2273 669 2344 καλῶς
692 2267 976 2352 δεδιακονημένων
998 2278 1062 2334 νῦν
1084 2268 1195 2346 αὑτοῖς

161 2391 175 2439 '1
194 2375 340 2439 κελεύειν
362 2373 459 2459 χάριν
481 2373 566 2457 ὑμᾶς
587 2375 688 2458 έχειν;
713 2374 766 2438 δεῖ
781 2377 896 2439 τοίνυν
913 2374 1008 2457 ὑμᾶς,
1031 2368 1194 2458 ώάνδρες

190 2477 377 2563 Ἀθηναῖοι,
406 2479 449 2563 μή
479 2482 584 2562 μόνον
613 2477 650 2543 ἐκ
678 2479 805 2543 τούτων
835 2489 968 2543 σκοπεῖν
994 2480 1030 2543 τὸ
1053 2479 1194 2562 δίκαιον,

78 2594 92 2612 ”·
193 2582 276 2648 ἀλλά
302 2581 357 2649 καὶ
380 2582 412 2662 έξ
436 2578 483 2648 ὧν
505 2581 599 2648 αὐτοὶ
621 2585 782 2668 πρότερον
805 2587 1001 2668 πεποιήκατε
1024 2583 1125 2648 ταύτά
1148 2607 1194 2648 τι-

193 2713 263 2755 νων
286 2687 556 2773 διαπραξαμένων
578 2689 715 2764 τούτοις.
752 2687 805 2752 ὅτε
828 2689 890 2773 γάρ
913 2697 952 2773 τή
972 2691 1138 2774 ναυμαχία
1154 2696 1194 2773 πή

193 2796 274 2881 πρὸς
283 2790 499 2878 Ἀλέξανδρον
518 2793 702 2877 ἐνικήθητε,
720 2794 792 2857 τότε
811 2803 876 2857 τῶν
894 2793 1100 2878 τριηράρχων
1117 2796 1195 2871 τοὺς

193 2900 441 2984 μεμισθωκότας
466 2898 523 2974 τάς
549 2900 758 2982 τριηραρχίας
785 2897 995 2974 αἰτιωτάτους
1021 2908 1081 2964 τοῦ
1103 2922 1194 2983 γεγε-

193 3002 338 3088 νημένου
372 3005 557 3086 νομίζοντες
588 2997 791 3085 παρεδώκατ’
817 3003 864 3079 είς
894 3005 930 3068 τὸ
959 3004 1195 3088 δεσμωτήριον,

194 3109 560 3196 καταχειροτονήσαντες
580 3104 826 3192 προδεδωκέναι
845 3109 901 3185 τὰς
919 3117 1000 3185 ναῦς
1017 3106 1072 3172 καὶ
1090 3114 1194 3175 λελοι-

159 3233 175 3282 8
194 3214 290 3282 πέναι
312 3216 373 3299 τήν
395 3213 496 3291 τάξιν.
540 3211 595 3279 καὶ
617 3216 791 3300 κατηγόρει
813 3209 874 3298 μέν
893 3212 1107 3299 Ἀριστοφῶν,
1129 3214 1195 3279 έδι-

194 3322 302 3400 κάζετε
321 3316 351 3385 δ’
370 3319 475 3404 ὑμεῖς·
495 3320 526 3384 εί
542 3315 579 3384 δὲ
597 3320 641 3403 μή
661 3317 878 3406 μετριωτέραν
896 3321 1003 3404 ἔσχετε
1017 3320 1078 3403 τήν
1092 3320 1196 3406 ὀργήν

194 3435 250 3510 τής
278 3425 413 3491 ἐκείνων
441 3426 614 3509 πονηρίας,
647 3421 746 3491 οὐδὲν
775 3424 818 3491 δν
847 3425 967 3501 αύτούς
995 3424 1116 3490 έκώλυε
1145 3449 1192 3490 τε-

193 3531 326 3596 θνάναι.
361 3530 461 3594 ταύτὰ
479 3533 594 3595 τοίνυν
612 3531 735 3606 εἰδότες
753 3526 845 3596 οὑτοι
863 3529 1065 3615 πεπραγμέν’
1085 3532 1194 3608 αὑτοῖς
