2670 3988
232 239 273 302 12
591 245 636 297 1v.
655 243 868 296 ΙΣοΚΡεΤΗε.

228 398 371 484 ήμέλουν
386 399 415 466 δ’
432 403 476 478 ὡς
489 402 686 487 ἀλλοτρίων,
699 399 769 467 ἀλλ’
786 401 942 484 ἐκήδοντο
956 398 1016 487 μέν
1030 403 1074 479 ὡς
1087 403 1231 483 οἰκείων,

229 504 399 590 ἀπείχοντο
420 504 450 572 δ’
469 509 576 594 ὥσπερ
595 510 656 594 χρή
676 519 741 572 τῶν
759 504 864 592 μηδὲν
881 511 1127 591 προσηκόντων·
1151 502 1231 571 οὐδὲ

228 614 308 697 πρὸς
337 611 498 697 ἀργύριον
526 615 586 697 τήν
614 614 827 697 εὐδαιμονίαν
855 615 1003 697 ἔκρινον,
1034 609 1105 678 ἀλλ’
1134 607 1231 688 οὗτος

229 715 335 781 ἐδόκει
353 721 496 782 πλοῦτον
516 717 761 803 ἀσφαλέστατον
780 725 957 802 κεκτῆσθαι
975 717 1030 783 καὶ
1044 719 1230 800 κάλλιστον,

229 821 318 898 ὅστις
335 833 469 888 τοιαῦτα
488 825 644 910 τυγχάνοι
663 824 827 910 πράττων,
846 823 877 902 ἐξ
897 819 944 888 ὧν
958 823 1055 901 αὐτός
1068 847 1102 888 τε
1116 822 1230 907 μέλλοι

230 925 355 1010 μάλιστ’
386 927 616 1013 εὐδοκιμήσειν
649 928 703 994 καὶ
735 941 803 1005 τοῖς
829 928 921 994 παισί
947 933 1102 1014 μεγίστην
1130 927 1231 1006 δόξαν

196 1045 212 1093 5
231 1036 447 1110 καταλείψειν.
466 1031 545 1100 οὐδὲ
557 1036 616 1110 τάς
628 1035 835 1118 θρασύτητας
848 1036 904 1112 τάς
917 1033 1068 1118 ἀλλήλων
1083 1033 1231 1117 ἐζήλουν,

231 1134 310 1203 οὐδὲ
337 1139 393 1214 τάς
418 1142 539 1224 τόλμας
561 1140 618 1216 τὰς
639 1141 748 1205 αὑτῶν
770 1141 911 1222 ήσκουν,
938 1139 1020 1204 ἀλλὰ
1044 1141 1232 1222 δεινότερον

230 1238 291 1327 μὲν
314 1242 463 1327 ἐνόμιζον
486 1239 572 1309 εἶναι
594 1255 701 1320 κακῶς
723 1244 787 1310 ὑπὸ
810 1255 876 1310 τῶν
899 1249 1041 1309 πολιτῶν
1059 1242 1193 1309 ἀκούειν
1211 1243 1231 1327 ή

230 1351 335 1424 καλῶς
358 1345 440 1429 ὑπὲρ
462 1357 519 1432 τῆς
536 1352 662 1426 πόλεως
680 1346 915 1434 ἀποθνήσκειν,
937 1354 1062 1433 μᾶλλον
1081 1346 1110 1414 δ’
1130 1347 1232 1436 ήσχύ-

230 1450 319 1518 νοντ’
352 1451 405 1518 ἐπὶ
435 1463 503 1530 τοῖς
535 1467 659 1531 κοινοῖς
691 1454 918 1538 ἁμαρτήμασιν
947 1453 967 1537 ή
994 1465 1058 1520 νῦν
1085 1453 1138 1519 ἐπὶ
1163 1467 1233 1531 τοῖς

198 1569 214 1618 6
233 1559 330 1634 ίδίοις
352 1569 419 1635 τοῖς
443 1553 613 1644 σφετέροις
634 1560 753 1624 αὐτῶν.
784 1557 958 1624 τούτωνδ’
980 1555 1158 1645 ήναῖτιου,
1181 1561 1233 1625 ὅτι

231 1666 309 1740 τοὺς
322 1666 446 1747 νόμους
459 1663 634 1748 ἐσκόπουν,
648 1665 735 1741 ὅπως
749 1664 891 1748 ἀκριβῶς
904 1662 958 1729 καλ
971 1669 1076 1741 καλῶς
1090 1664 1233 1748 ἕξουσιν,

232 1769 292 1854 οὐχ
319 1769 406 1834 οὕτω
433 1771 510 1845 τοὺς
537 1767 611 1853 περὶ
637 1781 704 1834 τῶν
733 1771 828 1834 ἰδίων
855 1772 1066 1853 συμβολαίων
1090 1770 1134 1845 ὡς
1156 1773 1234 1847 τοὺς

232 1873 306 1959 περὶ
337 1887 403 1940 τῶν
436 1871 514 1940 καθ’
545 1873 683 1959 ἑκάστην
713 1876 773 1959 τήν
801 1874 927 1959 ἡμέραν
956 1872 1233 1958 ἐπιτηδευμάτων·

233 1981 408 2064 ήπίσταντο
431 1981 509 2065 γάρ,
537 1981 587 2045 ὅτι
610 1993 678 2057 τοῖς
700 1985 812 2056 καλοῖς
833 1979 992 2064 κάγαθοῖς
1013 1989 1080 2044 τῶν
1102 1979 1234 2064 άνθρῶ-

233 2106 305 2150 πων
326 2082 425 2150 οὐδέν
444 2087 554 2169 δεήσει
571 2091 704 2151 πολλῶν
722 2086 932 2171 γραμμάτων,
950 2081 1020 2150 ἀλλ’
1039 2082 1093 2149 ἀπ’
1112 2084 1234 2168 ὀλίγων

234 2191 455 2275 συνθημάτων
478 2191 601 2277 ῥᾳδίως
623 2189 677 2255 καὶ
699 2189 774 2276 περὶ
795 2201 862 2254 τῶν
885 2191 981 2254 ίδίων
1003 2187 1055 2254 καλ
1075 2187 1149 2273 περὶ
1167 2200 1234 2253 τῶν

200 2307 214 2355 '1
233 2307 355 2362 κοινῶν
378 2297 628 2380 ὁμονοήσουσιν.
665 2296 750 2360 οὕτω
774 2291 811 2360 δέ
833 2300 1005 2370 πολιτικῶς
1027 2289 1128 2379 εἶχον,
1151 2295 1233 2358 ὥστε

234 2401 288 2467 καὶ
305 2403 363 2479 τάς
380 2403 509 2478 στάσεις
527 2401 699 2466 ἐποιοῦντο
717 2403 799 2485 πρὸς
817 2400 990 2484 ἀλλήλους,
1009 2399 1068 2485 οὐχ
1082 2399 1234 2483 ὁπότεροι

234 2509 311 2582 τοὺς
333 2503 464 2592 ἑτέρους
487 2505 702 2582 ἀπολέσαντες
725 2517 791 2572 τῶν
813 2511 937 2572 λοιπῶν
959 2504 1132 2589 ἄρξουσιν,
1159 2501 1230 2569 ἀλλ’

235 2612 386 2696 ὁπότεροι
410 2613 598 2695 φθήσονται
622 2613 683 2695 τήν
706 2615 804 2677 πόλιν
826 2610 956 2694 άγαθόυ
977 2633 1009 2675 τι
1031 2612 1235 2693 ποιήσαντες,

235 2715 368 2792 καὶτὰς
391 2714 549 2800 ἑταιρείας
573 2717 803 2802 συνήγονούχ
825 2713 908 2800 ὑπὲρ
931 2727 998 2782 τῶν
1021 2717 1089 2801 ίδίηι
1112 2731 1235 2800 συμφε-

206 2825 363 2908 ῖρόντων
387 2819 457 2887 ἀλλ’
480 2820 534 2886 ἐπὶ
556 2829 595 2907 τῇ
618 2832 677 2888 τοῦ
703 2825 855 2906 πλήθους
877 2821 1027 2908 ὠφελείᾳ.
1057 2822 1116 2886 τὸν
1135 2820 1237 2885 αὐτὸν

236 2923 273 2992 δὲ
299 2930 422 3012 τρόπον
448 2925 503 2991 καὶ
527 2927 566 2991 τά
589 2938 655 2992 τῶν
677 2928 788 2991 ἄλλων
811 2923 971 3014 διςόκουν,
996 2925 1237 3011 θεραπεύοντες

236 3028 309 3097 ἀλλ’
341 3031 401 3117 οὐχ
436 3031 626 3115 ὑβρίζοντες
660 3034 738 3108 τοὺς
759 3029 921 3114 Ἓλληνας
956 3029 1011 3095 καλ
1043 3041 1237 3116 στρατηγεῖν

236 3139 382 3220 οίόμενοι
410 3138 480 3201 δεῖν
507 3136 591 3202 ἀλλὰ
618 3138 662 3221 μή
691 3147 867 3222 τυραννεῖν
895 3135 1005 3202 αὐτῶν
1032 3133 1086 3200 καὶ
1111 3140 1237 3219 μάλλον

236 3241 476 3326 ἐπιθυμοῦντες
507 3242 665 3325 ἡγεμόνες
696 3240 716 3324 ή
749 3241 903 3306 δεσπόται
932 3242 1238 3325 προσαγορεύεσθαι

235 3350 290 3414 καλ
308 3355 450 3433 σωτῆρες
467 3345 551 3411 ἀλλὰ
566 3348 610 3430 μὴ
627 3351 791 3430 λυμεῶνες
804 3346 1053 3430 ἀποκαλεῖσθαι,
1071 3355 1115 3433 τῷ
1129 3357 1238 3412 ποιεῖν

236 3449 274 3518 εὖ
300 3455 542 3538 προσαγόμενοι
571 3453 628 3529 τοῖς
650 3456 761 3528 πόλεις
783 3448 854 3516 ἀλλ’
877 3453 919 3517 οὐ
940 3455 997 3538 βίᾳ
1019 3456 1238 3538 καταστρεφό-

201 3565 217 3615 9
236 3581 345 3641 μενοι,
371 3555 573 3642 πιστοτέροις
602 3552 664 3640 μὲν
686 3566 755 3632 τοῖς
777 3559 888 3640 λόγοις
910 3555 930 3639 ή
952 3567 1016 3622 νῦν
1038 3568 1107 3634 τοῖς
1130 3559 1240 3643 ὅρκοις
