2670 3988
180 214 223 278 50
486 219 560 270 xm.
580 214 864 286 [ΔΗΜοΣοεωΗΣη

179 377 359 459 μαρτυρίας
380 375 460 459 ὑμῖν
482 373 672 459 παρέξομαι,
695 377 804 440 ἔπειτα
822 371 968 459 καὶπερὶ
986 385 1052 438 τῶν
1070 375 1180 439 ἀλλων

180 478 363 545 ἀκούσεσθε
381 481 485 556 πάσας
503 481 560 556 τὰς
577 479 746 563 ἀληθείας·
770 478 902 546 τουτονί
921 479 995 564 γάρ,
1018 475 1043 543 ὦ
1062 482 1181 565 ἄνδρες

180 585 344 668 δικασταί,
374 588 563 650 Φαίνιππον
588 581 735 669 εὑρήσετ’
762 584 865 660 εὐθὺς
888 583 950 650 ἀπὸ
973 594 1031 668 τής
1052 586 1181 669 πρώτης

179 688 299 775 ήμίρας
322 687 506 775 ἀρξάμενον
529 699 588 756 τοῦ
611 686 714 774 μηδὲν
738 691 866 755 δίκαιον
888 702 1003 755 ποιεῖν.
1040 707 1179 775 παρεση-

180 793 333 879 μηνάμην
354 796 395 859 τά
417 796 587 878 οἰκήματα,
609 804 668 860 τοῦ
689 798 795 878 νόμον
818 818 874 879 μοι
898 796 1093 872 δεδωκότος·
1123 791 1180 860 οὗ·

179 924 235 977 τος
257 897 386 988 ἀνέῳξε.
418 897 531 965 καὶτὸ
554 897 614 985 μὲν
637 899 774 984 ἀφελεῖν
795 903 832 965 τὸ
857 912 992 984 σημεῖον
1015 902 1180 985 ὁμολογεῖ,

180 1009 216 1072 τὸ
244 1002 275 1070 δ’
298 1003 426 1082 ἀνοῖξαι
448 1006 510 1091 τήν
532 1006 642 1090 θύραν
666 1006 725 1090 οὐχ
749 1006 918 1089 ὁμολογεῖ,
946 1008 1054 1089 ὥσπερ
1077 1007 1180 1071 ἀλλον

180 1112 269 1186 τινὸς
296 1108 391 1174 ἕνεκα
418 1109 457 1175 τά
487 1104 592 1193 σημεῖ’
618 1109 842 1195 ἀφαιροῦντας
872 1110 975 1194 ἢτοῦ
996 1112 1053 1187 τάς
1074 1112 1182 1196 θύρας

146 1231 161 1279 ο
180 1214 318 1292 ἀνοῖξαι.
364 1211 461 1279 ἔπειτ’
483 1213 623 1279 ἀπεῖπον
644 1215 705 1297 τήν
727 1215 813 1299 ύληυ
835 1217 878 1299 μή
903 1215 1043 1299 ἐξάγειν·
1067 1215 1181 1300 ἐξήγεν

180 1316 277 1397 οὗτος
306 1317 432 1395 ἁπάσας
460 1320 517 1396 τὰς
544 1317 681 1403 ήμέρας,
712 1321 798 1403 πλήν
828 1318 967 1404 ἐκείνης,
999 1320 1035 1385 ἐν
1065 1315 1086 1407 ᾖ
1116 1320 1180 1405 ἐγὼ

180 1425 329 1491 ἀπεῖπον.
370 1422 472 1510 χρέως
494 1420 566 1490 οὐδ’
589 1424 702 1490 ὁτιοῦν
726 1422 874 1508 ἀφείλετ’
897 1422 950 1489 ἐπὶ
971 1434 1010 1510 πή
1034 1425 1180 1513 ἐσχατιᾷ·

179 1541 244 1596 νῦν
262 1525 358 1604 οὗτος
375 1528 551 1614 ἀποφαίνει
569 1526 684 1594 πολλά.
713 1528 822 1606 ἁπλῶς
839 1541 937 1616 ποιεῖ,
957 1530 975 1594 ό
993 1552 1024 1595 τι
1043 1530 1084 1596 ἀν
1102 1532 1181 1615 βού-

180 1641 287 1722 ληται,
300 1635 361 1718 οὐχ
375 1634 393 1698 ὅ
406 1657 439 1699 τι
452 1635 488 1700 οί
499 1637 595 1718 νόμοι
609 1636 810 1699 κελεύουσιν.
834 1643 987 1714 (Leguntur
999 1646 1180 1712 tesmonia)

146 1757 162 1805 6
240 1738 279 1805 “A
302 1736 362 1824 μὲν
384 1743 499 1806 τοίνυν
521 1740 624 1816 εὐθύς
644 1749 682 1824 τῇ
700 1740 811 1826 πρῶτη
829 1739 933 1826 ήμέρφ
951 1741 1031 1824 μετὰ
1049 1742 1106 1818 τάς
1123 1741 1180 1806 ἀν-

180 1849 322 1922 τιδόσεις
351 1844 472 1928 ήρξατό
500 1867 539 1929 με
569 1848 754 1921 Φαίνιππος
780 1843 924 1928 ἀδικεῖν,
956 1845 1122 1929 ἀκηκόατ’,
1154 1842 1179 1911 ὦ

181 1953 299 2036 ἀνδρες
313 1947 496 2033 Ἀθηναῖοι,
519 1947 573 2014 καὶ
596 1948 677 2033 ἐμοῦ
699 1948 753 2014 καί
775 1960 841 2014 τῶν
864 1951 1048 2035 μαρτύρων.
1082 1953 1121 2017 τὰ
1144 1949 1180 2017 δὲ

181 2057 260 2141 μετὰ
295 2065 396 2120 ταῦτα
428 2053 618 2138 γεγενημέν’
651 2051 758 2119 οὐκέτ’
791 2056 837 2130 είς
869 2051 924 2138 ἐμὲ
956 2060 1060 2139 μόνον
1092 2059 1178 2146 αύτρῖ

180 2158 377 2246 ήμάρτηται,
404 2158 485 2225 ἀλλὰ
512 2157 566 2224 καὶ
594 2160 641 2234 είς
662 2161 739 2234 τοὺς
761 2162 897 2242 νόμους,
924 2157 1007 2243 ὑπὲρ
1030 2156 1078 2226 ὧν
1100 2163 1180 2247 ὑμῖν

148 2267 282 2331 ῖάπασι
314 2263 538 2330 σπουδαστέον
570 2263 668 2330 ἐστίν.
714 2263 835 2347 ὀμόσας
863 2265 925 2349 γάρ
954 2275 994 2351 τή
1024 2264 1180 2354 ἑνδεκάτη

181 2381 241 2437 τοῦ
259 2371 506 2455 βοηδρομιῶνος
523 2371 625 2453 μηνὸς
643 2369 827 2452 ἀποφανεῖν
847 2369 957 2453 ὀρθῶς
974 2369 1029 2436 καί
1048 2374 1181 2450 δικαίως

181 2478 242 2559 τήν
262 2475 391 2557 οὐσίαν,
412 2483 472 2540 τοῦ
490 2477 595 2558 νόμου
615 2475 798 2559 διαρρήδην
816 2473 969 2558 λέγοντος
986 2489 1086 2561 τριῶν
1104 2479 1181 2562 ήμε-

182 2593 266 2667 ρῶν,
290 2577 345 2665 ἀφ’
368 2575 407 2663 ἧς
428 2579 470 2645 δν
493 2581 612 2666 ὀμόση,
635 2581 766 2645 διδόναι
787 2581 848 2662 τήν
870 2579 1053 2665 ἀπόφασιν,
1076 2581 1181 2648 ἐδεῖτό

181 2711 246 2771 μου
272 2686 468 2768 προσελθὼν
497 2683 548 2749 ἐπὶ
575 2686 620 2771 τῷ
644 2686 842 2772 δικαστηρίω
865 2686 944 2767 μετὰ
967 2688 1180 2754 Πολυεύκτου

180 2803 241 2858 τοῦ
258 2789 414 2875 Κριωέως
435 2786 490 2854 καί
513 2787 632 2874 ἑτέρων
655 2800 756 2853 τινῶν
777 2799 908 2873 πρῶτον
929 2787 990 2873 μέν
1011 2790 1086 2876 περὶ
1110 2794 1181 2857 δια-

182 2899 306 2972 λύσεως
339 2899 516 2960 συνελθεῖν
548 2895 651 2981 αὑτῷ·
691 2891 797 2958 πάντα
825 2891 888 2978 γάρ
918 2918 974 2978 μοι
1003 2897 1043 2960 τά
1072 2898 1181 2962 δίκαια

181 3004 346 3085 ποιήσειν·
376 3002 486 3065 ἔπειτα
515 3000 575 3081 τήν
604 2998 771 3082 ἀπόφασιν
800 3007 857 3081 τῆς
884 2999 997 3076 οὐσίας
1023 3000 1181 3086 ἀναβαλέ-

148 3125 163 3173 8
183 3114 263 3172 σθαι
291 3107 334 3190 μή
362 3106 484 3181 πολλοῖς
510 3102 638 3189 ἡμέρας.
683 3101 888 3187 ἡγησόμενος
911 3102 942 3169 δ’
964 3104 1028 3189 ἐγὼ
1050 3106 1105 3172 καί
1127 3131 1181 3192 με·

181 3215 275 3294 τρίου
311 3208 366 3275 καί
400 3207 610 3294 ἀπράγμονος
642 3204 727 3272 εἶναι
757 3213 894 3276 πολίτου
924 3212 967 3293 μή
996 3211 1099 3290 εὐθὺς
1129 3212 1182 3279 ἐπὶ

181 3317 328 3401 κεφαλήν
351 3318 397 3391 είς
415 3316 451 3380 τὸ
470 3316 681 3398 δικαστήριον
700 3316 857 3397 βαδίζειν,
876 3313 1034 3398 ἐπείσθην
1057 3314 1105 3403 (τί
1119 3320 1181 3404 γάρ

183 3424 236 3487 δεῖ
257 3418 502 3507 μακρολογεῖνς)
525 3421 584 3502 τήν
607 3415 667 3502 μὲν
690 3420 835 3484 σύνοδον
857 3420 917 3501 τήν
934 3419 1093 3504 περὶτῶν
1111 3423 1182 3487 δια-

184 3527 311 3591 λύσεων
337 3535 375 3610 τή
404 3525 505 3610 ὀγδόη
528 3528 709 3610 φθίνοντος
730 3534 790 3589 τοῦ
812 3526 1059 3609 βοηδρομιῶνος
1080 3530 1183 3612 μηνὸς
