2670 3988
485 225 560 276 xm.
580 222 865 293 [Δαωοεοεωετεη
1129 219 1170 284 51

172 378 374 462 ὁμολογήσαι
400 383 617 465 ποιήσασθαι,
644 381 705 463 τήν
732 379 762 445 δ’
789 380 955 466 ἀπόφασιν
982 389 1038 462 τής
1060 379 1174 457 οὐσίας

173 492 212 568 τῇ
234 482 309 570 ἕκτη
332 489 523 571 φθίνοντος.
555 487 663 570 τυχῶν
682 482 719 550 δέ
736 487 862 552 τούτων
881 483 1075 570 ἀμφοτέρων
1093 482 1170 569 παρ’

174 586 255 671 ἐμοῦ
279 593 463 667 Φαίνιππος
486 589 558 656 οὐδ’
585 593 632 667 είς
655 588 768 674 ἑτέραν
789 602 856 656 τῶν
878 591 1008 675 ἡμερῶν
1030 588 1173 672 ἀπήντη-

174 710 244 758 σεν·
268 693 339 760 ἀλλ’
360 693 438 760 ἀνθ’
461 694 535 772 ἕνός
557 696 619 761 δύο
642 700 765 780 νόμους
782 698 853 779 ήκει
870 698 953 779 πρὸς
971 694 1054 778 ὑμᾶς
1071 714 1173 778 παρα-

173 801 333 882 βεβηκώς,
361 800 419 866 ἕνα
446 797 507 884 μέν
533 803 592 866 τὸν
619 802 794 866 κελεύοντα
817 812 917 884 τριῶν
939 801 1085 884 ήμερῶν,
1113 795 1169 882 ἀφ’

173 898 211 986 ής
237 903 279 968 ἀν
306 905 427 990 ὀμόση,
454 907 514 990 τήν
539 911 656 971 οὐσίαν
679 905 893 990 ἀποφαίνειν,
921 904 1033 990 ἕτερον
1056 900 1093 968 δὲ
1114 906 1173 969 τὸν

173 1010 348 1074 κελεύοντα
375 1013 490 1096 κυρίας
512 1006 598 1076 εἶναι
619 1012 677 1087 τὰς
698 1013 779 1096 πρὸς
802 1009 964 1094 ἀλλήλους
986 1011 1173 1094 ὁμολογίας,

173 1113 212 1190 ἃς
234 1113 275 1179 ἀν
298 1114 450 1180 ἐναντίον
471 1117 672 1198 ποιήσωνται
695 1117 879 1200 μαρτύρων.
919 1112 991 1180 ἀλλ’
1014 1114 1077 1198 ἐγὼ
1100 1113 1173 1198 μέν,
1192 1131 1207 1180 9

173 1219 285 1304 ἐπειδή
317 1231 435 1286 τοῦτον
468 1218 580 1305 ἑώρων
613 1221 654 1285 ού
685 1219 887 1306 προσέχοντά
919 1244 974 1304 μοι
1002 1223 1061 1286 τὸν
1090 1230 1173 1286 νοῦν

174 1321 252 1391 οὐδὲ
279 1337 349 1402 τοῖς
375 1329 504 1409 νόμοις,
530 1328 577 1402 είς
603 1329 640 1392 τὸ
664 1328 859 1410 στρατήγιον
883 1327 988 1390 έδωκα
1011 1326 1071 1408 τήν
1094 1324 1173 1390 ἀπό-

173 1447 285 1515 φασιν,
308 1426 404 1507 οὗτος
427 1426 463 1495 δέ
486 1430 600 1518 πρηύην
619 1429 723 1496 ἔδωκέ
738 1455 793 1514 μοι
812 1434 953 1515 βιβλίον,
975 1426 1074 1496 οὐδέν
1092 1431 1172 1494 ἀλλο

174 1538 375 1619 βουλόμενος
406 1535 427 1618 ή
457 1538 567 1602 δοκεῖν
601 1532 662 1620 μὲν
692 1535 870 1600 δεδωκέναι
903 1537 964 1618 τήν
996 1535 1173 1618 ἀπόφασιν,

172 1642 218 1724 μή
246 1644 332 1726 ἔχειν
360 1639 400 1705 δέ
425 1665 464 1724 με
486 1652 555 1718 τοῖς
576 1640 613 1705 έν
636 1640 717 1725 αὐτή
741 1639 978 1726 γεγραμμένοις
1001 1640 1019 1704 ό
1041 1663 1072 1704 τι
1095 1641 1172 1724 χρή-

174 1762 281 1829 σομαι.
322 1747 384 1830 χρή
407 1743 453 1826 δ’,
476 1741 501 1810 ὦ
524 1747 643 1830 ἀνδρες
666 1747 830 1827 δικασταί,
854 1747 897 1829 μή
920 1756 988 1820 τοῖς
1007 1743 1172 1829 ίσχνροτέ-
1193 1762 1225 1811 10

174 1873 236 1931 ραν
258 1852 429 1934 νομίζουσι
452 1860 518 1915 τῶν
540 1853 652 1934 νόμων
672 1853 734 1934 τήν
753 1849 862 1914 αὑτῶν
880 1851 1058 1934 βδελυρίαν
1077 1845 1173 1932 εἶναι,

173 1952 273 2019 πλέον
295 1955 423 2032 τούτοις
444 1965 504 2020 τοῦ
527 1956 656 2021 δικαίου
678 1955 805 2039 νέμειν·
836 1956 867 2019 εἰ
888 1950 925 2018 δὲ
948 1957 1008 2038 μή,
1030 1957 1174 2030 πολλοὺς

172 2063 322 2142 ποιήσετε
351 2062 428 2136 τοὺς
457 2065 701 2143 καταγελῶντας
729 2071 795 2124 τῶν
825 2059 862 2124 έν
887 2069 956 2136 τοῖς
982 2062 1097 2142 νόμοις
1124 2061 1173 2123 δι-

173 2169 275 2230 καίων
298 2165 544 2250 γεγραμμένων·
568 2163 638 2230 ἀλλ’
662 2164 800 2241 ἐκείνοις
822 2169 972 2249 βοηθεῖν,
996 2166 1113 2241 οἵτινες
1131 2163 1173 2229 ἀν

173 2273 233 2354 τήν
260 2281 326 2335 τῶν
353 2273 466 2354 νόμων
494 2272 610 2354 φωνήν
632 2269 792 2354 ὑμετέραν
814 2266 899 2335 εἶναι
921 2273 1091 2354 νομίζωσι,
1117 2266 1173 2334 καὶ

172 2378 233 2459 τήν
255 2373 380 2459 ἡμέραν
402 2375 534 2458 ταύτην,
557 2375 617 2457 τήν
639 2378 687 2453 είς
703 2378 740 2442 τὸ
759 2377 982 2458 δικαστήριον,
1004 2371 1087 2460 ὑπὲρ
1105 2386 1172 2440 τῶν

173 2478 380 2564 ήδικημένων
403 2475 505 2562 εἶναι,
528 2480 571 2562 μή
595 2491 660 2544 τῶν
682 2481 895 2564 ήδικηκότων.

235 2584 476 2670 Ἀντεγράύατό
499 2607 538 2667 με
558 2587 744 2662 Φαίνιππος
762 2587 805 2669 μή
825 2587 958 2660 δικαίως
975 2584 1172 2669 ἀποφαίνειν
1193 2603 1222 2650 11
1323 2625 1324 2638 ÷

172 2692 234 2774 τήν
261 2691 378 2756 οὐσίαν
405 2687 459 2756 καὶ
485 2701 661 2774 κατηγορεῖ
684 2700 744 2756 τοῦ
770 2690 886 2775 ὅρκου,
913 2689 953 2754 ὃν
976 2691 1088 2773 ὤμοσα
1108 2692 1172 2771 πρὸ

173 2805 228 2878 τής
250 2794 455 2879 ἀποφάσεως,
478 2793 528 2859 ὅτι
551 2793 647 2877 πλήν
669 2806 736 2860 τῶν
758 2794 795 2859 ἐν
813 2807 881 2870 τοῖς
899 2793 1017 2879 ἔργοις’
1035 2793 1173 2878 ὑπεσχό-

172 2923 238 2983 μην
262 2897 446 2983 ἀποφανεῖν
464 2899 524 2981 τήν
542 2899 646 2981 ἀλλην
665 2899 793 2981 οὐσίαν,
816 2900 924 2982 ὥσπερ
942 2901 979 2964 τὸ
998 2899 1079 2964 κατὰ
1096 2901 1173 2974 τοὺς

173 3008 297 3089 νόμους
326 3005 463 3088 ὀμνύειν
484 3000 573 3068 τοῦτ’
598 3003 691 3081 ἀξιον
713 3008 908 3088 κατηγορίας
930 3005 978 3069 όν.
1023 3003 1116 3086 ὑμεῖς
1138 3001 1169 3068 δ’

174 3107 251 3192 ἴστ’,
269 3105 294 3173 ὦ
313 3110 432 3193 ἀνδρες
451 3109 610 3192 δικασταί,
629 3106 736 3194 (ὑμεῖς
749 3111 811 3194 γάρ
826 3106 961 3194 ἔθεσθε)
981 3110 1040 3173 τὸν
1057 3111 1173 3191 νόμον,

174 3214 211 3290 ὃς
233 3214 415 3298 διαρρήδην
438 3213 523 3278 οὕτω
546 3212 646 3296 λέγει·
675 3216 752 3290 τοὺς
773 3211 805 3278 δ’
827 3212 1053 3290 ἀντιδιδόντας
1075 3213 1172 3296 ἀλλή-

172 3324 258 3403 λοις,
288 3319 366 3384 όταν
394 3317 571 3402 ὀμόσαντες
599 3317 805 3403 ἀποφαίνωσι
827 3319 887 3401 τήν
918 3318 1050 3401 οὐσίαν,
1071 3334 1172 3402 προσ-

173 3425 309 3508 ομνύειν
341 3425 437 3489 τόνδε
469 3425 527 3489 τὸν
558 3423 658 3507 ὅρκον
689 3422 857 3507 ἀποφανῶ
885 3424 945 3506 τήν
972 3422 1089 3488 οὐσίαν
1112 3424 1172 3505 τήν

173 3527 315 3614 ἐμαυτοῦ
338 3530 447 3614 ὀρθῶς
468 3525 523 3593 καλ
546 3530 693 3611 δικαίως,
720 3531 805 3612 πλήν
828 3541 893 3594 τῶν
917 3527 952 3593 έν
974 3538 1042 3604 τοῖς
1064 3530 1173 3614 ἔργοις
