2670 3988
212 198 253 262 14
577 203 609 253 V.
628 202 842 254 ΙΣΟΚΡΔΤΗΣ.

209 355 269 442 μέν
291 361 422 443 σώματα
445 371 514 436 ταῖς
536 370 592 443 τῆς
615 362 744 443 φύσεως
767 359 923 442 ἀνάγκαις
945 357 1125 442 ἀπέδοσαν,
1149 367 1208 442 τῆς

202 461 240 529 ,δ’
262 464 375 549 ἀρετῆς
397 464 566 529 ἀθάνατον
588 466 648 547 τὴν
671 468 802 549 μνήμην
824 464 990 548 ἐποίησαν.

236 726 274 791 V.
298 726 512 793 Athenienses
536 728 601 791 ism
624 726 857 811 antiquissimis
880 727 1080 811 temporibus
1103 727 1175 792 aliis

210 832 358 897 omnibus
373 831 504 898 Graecis
522 833 700 916 superiores
715 833 814 898 fuisse
826 832 901 897 inde
916 837 1056 916 apparet,
1075 833 1161 916 quod
1174 838 1207 897 et

208 959 267 1022 pro
277 938 381 1021 petria
396 943 429 1002 et
437 960 496 1022 pro
505 937 655 1002 libertate
667 937 811 1022 aliorum,
826 938 882 1022 qui
892 937 1052 1021 supplices
1060 935 1207 1002 Athenas

254 1043 479 1129 confugerunt,
501 1043 604 1107 multa
626 1049 659 1108 et
682 1065 799 1128 magns
820 1042 963 1128 pericula
986 1042 1162 1108 subierunt.

330 1180 454 1250 (Isoeret.
473 1179 607 1248 Panegyr.
626 1185 641 1245 ς
657 1185 769 1235 51-60.
797 1179 854 1234 vid.
868 1179 934 1233 fase.
949 1179 975 1232 11
992 1199 1020 1250 p.
1034 1184 1087 1250 15.)

279 1321 431 1388 Postquam
455 1322 548 1374 orator
565 1317 748 1373 Athenienses
771 1318 894 1373 omnium
911 1318 989 1388 pneis
1008 1319 1110 1374 artium
1127 1337 1208 1390 pree-

210 1394 335 1460 eeptores
348 1390 435 1471 fuisse
449 1390 585 1513 exgosuit
599 1406 672 1444 nune
686 1388 789 1443 bellice
802 1406 912 1458 quoque
920 1389 1025 1444 virtute
1039 1406 1087 1445 eos
1096 1394 1209 1461 praeter

210 1465 316 1516 ceteros
334 1460 460 1515 florursse
498 1463 571 1515 oeet:

178 1641 192 1688 1
268 1620 341 1686 Ἵνα
368 1623 411 1705 μὴ
440 1623 526 1686 δοκῶ
548 1620 623 1705 περὶ
645 1622 684 1686 τά
707 1619 788 1705 μέρη
812 1622 992 1706 διατρίβειν
1013 1618 1097 1707 ὑπὲρ
1119 1622 1209 1686 ὅλων

211 1740 277 1794 τῶν
289 1727 488 1812 πραγμάτων
497 1726 713 1811 ὑποθέμενος,
727 1723 802 1810 μηδ’
815 1725 850 1790 ἐκ
863 1728 988 1791 τούτων
999 1726 1208 1810 ἐγκωμιάζειν

212 1835 271 1918 τὴν
297 1836 395 1899 πόλιν
422 1832 555 1916 ἀπορῶν
582 1833 622 1897 τά
644 1835 726 1916 πρὸς
747 1834 806 1897 τὸν
828 1834 972 1915 πόλεμον
995 1831 1096 1915 αὐτὴν
1120 1832 1209 1897 ἐπαι-

211 1950 294 2022 νεῖν,
316 1949 416 2004 ταῦτα
435 1935 496 2023 μὲν
514 1940 659 2023 εἰρήσθω
679 1961 734 2022 μοι
752 1939 833 2022 πρὸς
850 1940 927 2013 τοὺς
945 1935 997 2002 ἐπὶ
1014 1948 1083 2014 τοῖς
1101 1941 1206 2003 τοιού-

211 2069 279 2121 τοις
296 2042 601 2129 φιλοτιμουμένους,
623 2044 765 2127 ἡγοῦμαι
783 2038 820 2107 δὲ
838 2053 906 2118 τοῖς
922 2045 1099 2127 προγόνοις
1116 2043 1208 2128 ἡμῶν

212 2150 272 2235 οὐχ
295 2145 393 2233 ἧττον
412 2149 448 2214 ἐκ
465 2159 531 2215 τῶν
549 2150 715 2214 κινδύνων
733 2155 891 2232 τιμᾶσθαι
908 2151 1086 2232 προσήκειν
1104 2148 1125 2232 ἢ
1143 2160 1209 2214 τῶν

179 2271 195 2318 2
213 2257 323 2320 ἀλλων
345 2255 548 2340 εὐεργεσιῶν.
585 2253 625 2318 οὐ
647 2254 710 2338 γὰρ
734 2257 870 2339 μικροὺς
892 2251 964 2318 οὐδ’
984 2253 1116 2336 ὀλίγους
1134 2253 1204 2320 οὐδ’

213 2361 349 2447 ἀφανεῖς
369 2359 497 2443 ἀγῶνας
518 2356 711 2442 ὑπέμειναν,
734 2357 818 2422 ἀλλά
839 2361 982 2435 πολλοὺς
1002 2357 1057 2423 καὶ
1080 2361 1211 2438 δεινοὺς

212 2464 268 2530 καὶ
290 2466 467 2549 μεγάλους,
493 2466 570 2538 τοὺς
591 2458 651 2546 μέν
674 2458 757 2546 ὑπὲρ
780 2472 837 2546 τῆς
858 2462 968 2528 αὑτῶν
990 2464 1111 2548 χώρας,
1133 2467 1210 2542 τοὺς

215 2569 245 2637 δ’
272 2566 353 2654 ὑπὲρ
381 2578 437 2653 τῆς
464 2580 529 2635 τῶν
556 2570 666 2633 ἀλλων
689 2567 890 2653 ἐλευθερίας·
918 2569 1044 2632 ἅπαντα
1066 2569 1129 2654 γάρ
1151 2572 1210 2635 τὸν

214 2681 336 2763 χρόνον
367 2673 550 2740 διετέλεσαν
580 2674 696 2756 κοινὴν
723 2672 783 2755 τὴν
810 2674 907 2737 πόλιν
936 2671 1130 2755 παρέχοντες
1155 2673 1211 2739 καὶ

180 2797 196 2844 3
213 2795 282 2858 τοῖς
304 2778 532 2863 ἀδικουμένοις
554 2776 605 2842 ἀεὶ
623 2788 688 2842 τῶν
701 2775 869 2860 Ἑλλήνων
887 2775 1127 2860 ἐπαμύνονσαν.
1158 2781 1210 2846 διὸ

215 2890 255 2972 δὴ
283 2885 338 2953 καὶ
364 2887 584 2968 κατηγοροῦσί
607 2907 693 2959 τινες
719 2881 812 2966 ἡμῶν
839 2881 883 2958 ὡς
909 2882 971 2946 οὐκ
997 2881 1107 2968 ὀρθῶς
1132 2888 1211 2968 βου-

216 2991 417 3076 λευομένων,
449 2991 498 3054 ὅτι
526 2992 602 3064 τοὺς
629 2985 884 3072 ἀσθενεστέρους
910 2989 1085 3071 εἰθίσμεθα
1111 2995 1212 3074 θερα-

215 3099 338 3180 πεύειν,
360 3097 469 3179 ὥσπερ
493 3094 532 3160 οὐ
556 3095 634 3178 μετά
652 3105 718 3160 τῶν
736 3092 881 3158 ἐπαινεῖν
899 3091 1112 3176 βουλομένων
1129 3094 1212 3180 ἡμᾶς

215 3205 292 3278 τοὺς
309 3204 429 3283 λόγους
447 3202 544 3276 ὄντας
561 3201 638 3276 τοὺς
656 3199 833 3274 τοιούτους.
865 3197 906 3262 οὐ
923 3199 986 3282 γάρ
1005 3196 1212 3283 ἀγνοοῦντες,

215 3308 297 3372 ὅσον
319 3306 534 3391 διαφέρουσιν
557 3305 594 3368 αί
614 3307 741 3387 μείζους
760 3314 827 3368 τῶν
845 3312 1037 3387 συμμαχιῶν
1054 3306 1136 3387 πρὸς
1153 3306 1213 3388 τὴν

215 3412 409 3497 ἀσφάλειαν,
428 3409 530 3488 οὕτως
549 3410 793 3493 ἐβουλευόμεθα
806 3406 880 3493 περὶ
895 3408 1014 3491 αὐτῶν,
1032 3407 1114 3473 ἀλλά
1128 3413 1213 3475 πολὺ

215 3529 281 3583 τῶν
299 3518 409 3581 ἀλλων
428 3514 660 3599 ἀκριβέστερον
678 3516 800 3589 εἰδότες
817 3515 856 3577 τά
871 3511 1082 3596 συμβαίνοντ’
1099 3512 1211 3580 ἐκτῶν
