2670 3988
490 243 537 296 1x.
556 241 843 314 [οωιιοεοεαωε]
1125 243 1169 308 29

167 422 264 484 μαχοι
281 402 372 476 όντες
386 397 533 466 ίκέτευον
546 401 631 485 ὑμᾶς
644 400 680 466 έν
694 409 738 488 τςό
753 403 846 492 δήμω
860 407 1038 488 βοηθῆσαι,
1056 402 1170 487 λέγον-

166 527 217 581 τες
236 506 287 570 ὅτι
303 505 370 570 ὑπὸ
383 508 578 589 Κυζικηνῶν
595 504 784 591 κατέχονται
802 516 848 594 τῷ
866 507 998 597 πολέμῳ
1017 506 1169 573 καὶκατὰ

167 618 229 693 γῆν
249 607 304 675 καλ
325 611 405 675 κατά
425 612 606 694 θάλατταν,
623 613 678 675 καὶ
695 612 738 695 μη
754 613 915 697 περιιδεῖν
932 611 1167 696 ἀπολομένους·
1186 629 1202 677 3

167 708 215 779 ὧν
233 714 409 792 ἀκούοντες
426 716 521 799 ὑμεῖς
533 712 599 781 τότ’
614 715 650 781 ἐν
664 727 709 803 τῶ
725 717 818 806 δημφ
832 717 941 782 αὑτῶν
955 740 990 782 τε
1003 720 1169 800 λεγόντων

166 817 220 884 καί
243 830 309 884 τῶν
332 824 626 906 συναγορευόντων
649 820 776 904 αὐτοῖς,
799 823 847 887 ἔτι
870 819 906 887 δὲ
929 833 994 888 τῶν
1018 822 1169 908 ἐμπόρων

166 923 221 989 καὶ
239 936 305 991 τῶν
323 931 520 1013 ναυκλήρων
533 929 608 1011 περί
623 928 765 992 ἔκπλουν
779 928 886 992 όντων
901 927 935 992 έκ
949 938 1009 993 τοῦ
1022 930 1169 1009 Πόντου,

167 1029 221 1095 καὶ
245 1035 437 1111 Βυζαντίων
465 1031 519 1098 καὶ
541 1033 780 1116 Καλχηδονίων
802 1030 858 1096 καὶ
880 1035 1073 1116 Κυζικηνῶν
1095 1055 1169 1096 κατ-

167 1139 316 1218 ἀγόντων
344 1138 384 1202 τά
413 1143 512 1203 πλοῖα
541 1137 636 1202 ἕνεκα
665 1144 721 1220 τῆς
744 1138 829 1213 ίδίας
850 1141 960 1222 χρείας
981 1147 1041 1203 τοῦ
1064 1139 1169 1219 σίτου,

166 1239 221 1306 καὶ
249 1243 390 1327 ὁρῶντες
417 1241 454 1307 έν
480 1250 525 1330 τςό
549 1247 703 1327 Πειραιεῖ
726 1244 784 1307 τὸν
812 1253 904 1307 σῖτον
932 1241 1169 1327 ἐπιτιμώμενον

166 1345 220 1412 καὶ
248 1347 309 1412 οὐκ
336 1344 405 1413 ἀντ’
432 1349 586 1432 ἄφθονον
614 1346 790 1430 ἀνεῖσθαι,
819 1346 1025 1432 ἐψηφίσασθε
1052 1348 1108 1425 τάς
1134 1371 1168 1412 τε

166 1463 247 1528 ναῦς
269 1451 444 1518 καθέλκειν
466 1455 544 1529 τοὺς
561 1453 778 1538 τριηράρχους
793 1450 849 1518 καὶ
867 1455 1097 1537 παρακομίζειν
1116 1451 1168 1517 ἐπὶ

166 1560 203 1623 τὸ
221 1570 325 1643 χῶμα,
342 1557 397 1624 καὶ
414 1561 493 1635 τοὺς
509 1560 688 1643 βουλευτὰς
705 1557 760 1624 καὶ
777 1561 855 1636 τοὺς
873 1559 1061 1644 δημάρχους
1073 1581 1169 1623 κατα-

167 1665 285 1746 λόγους
308 1671 476 1729 ποιεῖσθαι
499 1673 566 1728 τῶν
588 1666 740 1747 δημοτῶν
762 1662 817 1730 καὶ
840 1662 1020 1749 ἀποφέρειν
1038 1665 1169 1746 ναύτας,

166 1766 221 1832 καὶ
248 1770 303 1834 διδ
330 1768 449 1854 τάχους
476 1771 534 1834 τὸν
558 1767 741 1834 ἀπόστολον
763 1776 931 1856 ποιεῖσθαι
954 1767 1008 1834 καὶ
1030 1771 1169 1852 βοηθεῖν

168 1871 348 1959 ἑκασταχοῖ.
399 1872 454 1938 καὶ
491 1873 619 1958 ἐνίκησε
656 1877 693 1940 τὸ
722 1871 981 1958 Ἀριστοφῶντος
1016 1877 1169 1958 ψήφισμα

167 1982 267 2044 τουτί.
301 1989 460 2055 (Decretum
477 1987 600 2059 legitur.)

238 2087 305 2150 Τοῦ
334 2081 394 2168 μὲν
420 2088 629 2170 ψηφίσματος
654 2087 769 2150 τοίνυν
797 2082 969 2168 ἀκηκόατε,
997 2081 1023 2150 ὦ
1050 2086 1203 2170 ἀνδρεςι

168 2190 325 2254 δικασταί.
372 2188 436 2273 ἐγὼ
459 2188 489 2254 δ’
513 2189 624 2274 έπειδη
648 2213 704 2273 μοι
727 2189 788 2255 οὐκ
809 2183 918 2272 ἦλθον
941 2190 977 2255 οί
995 2198 1114 2255 ναῦται
1137 2190 1172 2254 οί
1290 2259 1293 2270 ,

167 2293 397 2378 καταλεγέντες
418 2295 483 2361 ὑπὸ
506 2304 572 2360 τῶν
595 2297 759 2378 δημοτῶν,
781 2291 853 2358 ἀλλ’
875 2293 896 2376 ὑ
915 2293 1022 2377 ὀλίγοι
1040 2292 1095 2358 καὶ
1113 2290 1168 2360 οὑ-

167 2423 218 2464 τοι
241 2399 411 2484 ἀδύνατοι,
434 2401 571 2476 τούτους
593 2395 654 2483 μὲν
676 2398 797 2484 ἀφῆκα,
819 2397 958 2476 ὑποθεὶς
979 2396 1015 2464 δὲ
1033 2400 1093 2483 την
1113 2399 1169 2465 ού-

168 2508 243 2569 σίαν
271 2505 331 2588 την
358 2503 500 2590 ἐμαυτοῦ
527 2503 582 2569 καὶ
605 2505 839 2588 δανεισάμενος
862 2503 1021 2590 ἀργύριον
1043 2516 1169 2589 πρῶτος

168 2609 406 2694 ἐπληρωσάμην
428 2611 489 2694 την
507 2620 603 2693 ναῦν,
626 2610 878 2694 μισθωσάμενος
895 2612 1017 2686 ναύτας
1034 2611 1078 2687 ῶς
1096 2602 1168 2676 οἷόν

167 2712 194 2779 τ’
223 2709 266 2798 ἦν
296 2713 465 2800 ἀρίστους,
494 2715 634 2799 δωρειάς
662 2712 717 2779 καλ
745 2715 921 2799 προδόσεις
943 2716 1023 2792 δοὺς
1045 2713 1168 2803 ἑκάστω

167 2819 276 2884 αὑτῶν
295 2820 444 2902 μεγάλας.
475 2821 522 2883 ἔτι
542 2815 578 2884 δέ
597 2820 748 2884 σκεύεσιν
772 2820 868 2896 ἰδίοις
886 2820 947 2903 την
964 2829 1049 2886 ναῦν
1068 2820 1169 2885 άπασι

167 2925 403 3008 κατεσκεύασα,
433 2921 488 2988 καλ
519 2933 586 2988 τῶν
618 2925 787 3007 δημοσίων
819 2925 939 3007 ἔλαβον
966 2920 1083 3007 οὐδέν,
1113 2922 1168 2990 καὶ

167 3032 278 3119 κόσμῳ
302 3029 346 3105 ὑς
368 3021 441 3096 οἷόν
463 3026 491 3093 τ’
512 3024 555 3112 ἦν
578 3029 735 3093 κάλλιστα
752 3025 808 3092 καὶ
826 3027 1084 3112 διαπρεπέστατα
1101 3040 1168 3095 τῶν

166 3134 382 3219 τριηράρχων.
413 3133 594 3218 ὑπηρεσίαν
612 3137 727 3200 τοίνυν
745 3133 787 3216 ἣν
806 3133 975 3219 ἐδυνάμην
991 3137 1168 3219 κρατίστην

167 3239 412 3324 ἐμισθωσάμην.
448 3247 632 3312 (Τεεῖὶωουὶο
649 3247 798 3317 leguntus.)

51 3325 54 3332 ’
92 3365 94 3369 ·
224 3343 296 3410 Ὅτι
323 3339 384 3428 μὲν
410 3346 526 3409 τοίνυν
554 3342 595 3408 ού
622 3344 787 3427 ψεύδομαι
814 3346 896 3428 πρὸς
917 3344 1001 3427 ὑμᾶς
1022 3343 1098 3428 περὶ
1120 3338 1201 3414 ὧνσ

166 3446 276 3534 εἷπον,
304 3444 330 3513 ὦ
356 3449 476 3534 ἄνδρες
498 3448 663 3531 δικασταί,
685 3459 751 3513 τῶν
773 3459 962 3533 μαρτυριῶν
985 3448 1167 3535 ἀναγιγνω-

166 3554 336 3640 σκομένων
364 3552 533 3639 ἀκηκόατε.
586 3556 632 3618 ἔτι
662 3549 699 3618 δέ
727 3550 803 3638 περὶ
833 3547 879 3619 ὧν
909 3553 1015 3637 μέλλω
1046 3553 1166 3639 λέγειν,
