2670 3988
487 237 533 289 XI.
553 235 812 289 ΔΗΜΟΣΘΕΝΗΣ.
1108 233 1151 296 41

224 397 292 460 Τοῦ
327 397 443 460 τοίνυν
477 395 614 471 τούτους
649 393 784 472 άδίκους
815 389 900 460 εἶναι
931 392 987 459 καὶ
1016 399 1154 478 θρασεῖς
1173 409 1206 457 16

154 497 288 575 οὐδένες
309 499 404 583 ὑμῶν
427 501 513 564 είσιν
527 501 732 584 αἰτιώτεροι·
756 500 844 585 παρά
866 499 929 583 γὰρ
952 510 1017 563 τῶν
1041 485 1157 581 λεγόνέ

151 605 235 686 ’των,
264 603 323 680 οὓς
350 600 412 668 ίστ’
440 603 493 669 ἐπὶ
520 611 629 692 μισθῷ
657 615 755 670 τοῦτο
781 605 997 689 πράττοντας,
1025 602 1153 667 πυνθά-

153 717 265 793 νεσθε,
283 711 381 775 ποῖόν
398 706 461 774 τιν’
480 709 617 775 ἕκαστον
636 711 689 774 δεῖ
704 713 860 794 νομίζειν,
879 709 940 775 οὐκ
959 707 1052 775 αὐτοὶ
1068 714 1154 772 θεω-

154 827 247 898 ρεῖτε.
292 819 398 880 καίτοι
426 825 494 891 πῶς
524 815 585 880 οὐκ
614 817 752 898 άτοπον,
781 817 917 891 τούτους
945 811 1006 898 μὲν
1035 814 1155 889 αὐτοὺς

153 920 397 1004 πονηροτάτους
418 930 485 985 τῶν
507 925 651 987 πολιτῶν
673 923 830 1003 νομίζειν,
852 923 930 996 τοὺς
948 916 979 984 δ’
996 919 1061 984 ὑπὸ
1080 918 1154 983 τού-

153 1048 220 1089 των
252 1023 509 1108 ἐπαινουμένους
537 1029 698 1110 χρηστοὺς
726 1025 897 1108 ἡγεῖσθαις
928 1022 983 1089 καὶ
1012 1025 1074 1109 γάρ
1104 1047 1154 1089 τοι
1174 1043 1205 1090 17

153 1129 259 1195 πάντα
286 1127 330 1194 δι’
356 1131 464 1195 αὑτῶν
486 1140 659 1196 ποιοῦνται
681 1128 736 1195 καὶ
758 1133 862 1214 μόνον
885 1130 945 1214 οὐχ
968 1130 1033 1196 ὑπὸ
1055 1131 1155 1214 κήρυ-

153 1257 210 1310 κος
236 1239 384 1300 πωλοῦσι
411 1235 450 1299 τά
477 1236 571 1300 κοινά
598 1233 652 1300 καὶ
681 1243 882 1319 στεφανοῦν,
909 1234 948 1300 ὃν
975 1234 1018 1300 ἂν
1045 1234 1155 1310 αὐτοῖς

155 1341 252 1424 δοκῇ,
279 1337 334 1405 καὶ
360 1340 404 1423 μὴ
432 1350 619 1424 στεφανοῦν
641 1341 829 1423 κελεύουσι,
856 1339 1075 1424 κυριωτέρους
1097 1338 1154 1403 αὑ-

153 1448 231 1521 τοὺς
263 1455 331 1509 τῶν
359 1443 525 1529 ὑμετέρων
554 1446 728 1528 δογμάτων
757 1445 977 1522 καθιστάντες.
1027 1444 1090 1528 ἐγὼ
1120 1441 1151 1509 δ’
1182 1507 1187 1517 ,

154 1550 245 1632 ὑμίν,
268 1544 294 1614 ὦ
317 1551 436 1635 ἄνδρες
451 1549 632 1634 Ἀθηναῖοι,
655 1561 803 1636 παραινῶ
822 1550 866 1634 μὴ
884 1562 993 1615 ποιεῖν
1010 1551 1071 1633 τὴν
1088 1559 1154 1614 τῶν

155 1653 343 1720 ἀναλίσκειν
370 1654 557 1720 ἐθελόντων
584 1657 774 1739 φιλοτιμίαν
802 1652 854 1719 ἐπὶ
881 1663 919 1739 τῇ
946 1665 1013 1720 τῶν
1042 1658 1154 1748 λεγρν-

153 1783 220 1823 των
242 1759 423 1847 πλεονεξίᾳ.
459 1764 489 1824 εί
511 1758 548 1824 δὲ
568 1763 624 1844 μή,
647 1759 793 1837 διδάξετε
811 1760 934 1836 πάντας
956 1760 996 1825 τά
1014 1754 1075 1843 μὲν
1093 1753 1151 1844 ὑφ’

154 1865 248 1949 ὑμῶν
269 1863 521 1950 προσταττόμεν’
545 1864 589 1941 ὡς
610 1863 821 1930 εὐτελέστατα
845 1865 998 1947 διοικεῖν,
1020 1867 1097 1940 τοὺς
1120 1862 1149 1928 δ’

155 1967 236 2056 ὑπὲρ
264 1971 389 2036 τούτων
412 1969 556 2046 ἀναιδῶς
578 1971 625 2046 είς
647 1970 731 2054 ὑμᾶς
753 1968 978 2053 ψευσομένους
1002 1969 1044 2046 ὡς
1066 1974 1154 2034 πλεί-

155 2093 252 2152 στους
273 2082 489 2158 μισθοῦσθαι.

155 2267 210 2332 XI.
229 2267 479 2334 Atheniensium
497 2267 628 2332 fortuna
646 2289 684 2332 ae
704 2267 790 2332 nulus
808 2266 943 2331 navibus
963 2267 1154 2332 continetur.

511 2386 589 2440 Dem.
608 2385 685 2439 XXII
703 2391 798 2441 8-16.

226 2490 282 2546 Sub
301 2489 406 2545 exitum
425 2490 493 2544 enni
508 2490 550 2546 01
567 2489 863 2559 106‚1(0hr.355)
885 2489 996 2545 senatui
1012 2493 1154 2559 potestate

156 2578 185 2616 se
204 2559 347 2615 abdicanti
366 2563 478 2614 auctore
493 2561 672 2629 Androtione,
692 2561 741 2630 qui
759 2560 819 2630 ipse
839 2563 1038 2631 metiamtur,
1057 2562 1155 2631 populi

156 2631 227 2685 scito
246 2647 356 2696 corone,
375 2647 431 2698 qua
449 2631 635 2686 senatorum'
627 2649 656 2684 m
674 2648 732 2685 rem
750 2629 892 2699 publicam
910 2632 1011 2685 merita
1024 2632 1155 2686 honoram

156 2701 296 2768 solebant,
324 2701 439 2756 addicta
463 2704 530 2756 erut
575 2705 639 2755 cont
640 2717 672 2754 re
696 2701 768 2755 illud
812 2701 889 2770 opuli
914 2701 1015 2755 scitum
1041 2701 1154 2770 eiusque

156 2774 313 2840 rogatorem
330 2771 484 2826 Euctemon
501 2775 531 2852 et
548 2771 687 2825 Diodorus
709 2719 822 2841 γραφν1ν
840 2790 880 2824 τα
899 2770 1010 2842 ανάμων
1029 2771 1155 2826 intende·

155 2847 298 2896 mntcum
312 2841 376 2895 aliis
391 2842 425 2895 de
440 2841 533 2895 causis
546 2844 607 2895 tum
621 2844 778 2910 propterea,
797 2841 872 2911 quod
882 2792 947 2912 iege
961 2841 1156 2910 prohiberetur

155 2911 180 2966 is
199 2916 320 2980 senatus,
339 2913 388 2979 qui
407 2928 479 2966 enno
499 2928 548 2966 suo
567 2928 653 2966 neves
671 2912 771 2981 longus
789 2927 845 2964 non
863 2915 989 2966 curasset
1006 2912 1155 2967 aedificen-

156 2982 220 3049 des,
239 2998 369 3036 coronam
388 2999 405 3036 a
423 2981 526 3052 populo
545 2984 648 3052 petere

221 3124 306 3210 Περὶ
332 3129 448 3190 τοίνυν
474 3135 534 3191 τοῦ
556 3127 678 3207 νόμον,
705 3133 764 3190 τοῦ
787 3126 969 3209 διαρρήδην
992 3126 1052 3191 οὐκ
1075 3126 1154 3192 ἐῶν·
1175 3146 1186 3191 1

154 3255 209 3308 τος
236 3230 354 3308 ἐξεῖναι
382 3231 425 3313 μὴ
448 3227 652 3316 ποιησαμένῃ
676 3238 714 3314 τῇ
737 3235 840 3315 βουλῇ
864 3231 920 3306 τὰς
942 3233 1083 3315 τριήρεις
1105 3234 1154 3296 αί-
1220 3247 1222 3251 ’

154 3347 249 3420 τῆσαι
267 3337 328 3420 τὴν
348 3335 501 3420 δωρειάν,
520 3337 613 3412 άξιόν
632 3334 720 3401 έστιν
739 3335 877 3402 άκοῦσαι
895 3336 955 3419 τὴν
973 3336 1153 3420 ἀπολογίαν

153 3442 196 3526 ἣν
218 3443 388 3524 ποιήσεται
410 3440 463 3505 κα1
485 3447 653 3524 θεωρῆσαι
676 3443 736 3524 τὴν
759 3440 928 3506 ἀναίδειαν
950 3451 1010 3507 τοῦ
1029 3444 1153 3526 τρόπον

154 3545 197 3612 δι’
221 3542 268 3613 ὧν
291 3545 431 3630 έγεχιρεῑ
452 3546 569 3628 λέγειν.
607 3545 636 3611 ’ὁ
654 3546 778 3629 νόμος’,
801 3549 914 3630 φησίν,
938 3546 1010 3612 ὀὐκ
1032 3545 1071 3633 ἐᾷ
1093 3549 1153 3630 τὴν
