2670 3988
183 215 227 278 42
522 220 567 270 x1.
587 217 847 271 ΔΗΜοΣοαΝΗΣ.

184 377 310 459 βουλὴν
339 378 469 459 αἰτήσαι
498 377 558 460 τήν
589 377 747 460 δωρειάν,
778 375 836 441 ε’άν
867 377 910 459 μή
933 377 1106 458 ποιήσηται
1128 376 1186 451 τάς

184 483 339 566 τριήρεις·
364 483 522 566 ὁμολογῶ.
555 483 673 547 δοῦναι
697 479 736 546 δέ
751 479 781 564 μ’
801 479 972 564 οὐδαμοῦ’,
994 483 1087 565 φησί,
1110 480 1184 545 ’κω-

184 586 254 649 λύει
282 587 340 650 τὸν
363 586 478 668 δῆμον.
525 583 588 666 ἐγὼ
612 581 642 648 δ’
666 587 697 649 εί
718 581 778 669 μὲν
801 582 895 649 ἔδωκ’
918 586 1070 670 αἰτούσῃ,
1096 587 1184 668 παρὰ

85 700 88 706 “
183 691 241 754 τὸν
259 693 364 773 νόμον
381 696 506 772 είρηκα·
530 692 561 754 εί
578 686 615 754 δὲ
634 691 677 772 μὴ
696 695 872 773 πεποίημαι
890 694 1007 774 μνείαν
1024 688 1099 774 περὶ
1117 701 1183 755 τῶν

182 805 269 859 νεῶν
292 793 328 858 ἐν
351 793 417 882 ὅλῳ
440 803 484 881 τῷ
508 798 704 878 ψηφίσματι,
727 793 798 859 ἀλλ’
820 793 900 879 ἕτερ’
919 795 997 860 άττα
1016 794 1112 880 λέγω,
1135 794 1179 862 δι’

183 898 283 981 δτην
305 899 430 982 βουλήν
453 910 619 981 στεφανῶ,
641 910 710 974 πῶς
731 900 819 984 παρά
841 902 900 966 τὸν
921 903 1026 984 νόμον
1045 899 1179 984 είρηκα;’

147 1006 250 1069 νέστι
279 1005 319 1090 δή
346 1005 428 1088 πρὸς
455 1001 543 1068 ταῦτ’
571 1003 612 1069 ού
639 1005 781 1089 χαλεπὸν
808 1005 847 1069 τά
874 1002 972 1069 δίκαι’
1001 1005 1080 1089 ύμῖν
1108 1005 1182 1070 ἀντ-

181 1121 302 1192 ειπεῖν,
329 1108 379 1172 δτι
405 1118 536 1190 πρῶτον
561 1104 621 1191 μὲν
646 1109 682 1173 οί
704 1110 958 1194 προεδρεύοντες
981 1120 1038 1193 τῆς
1062 1114 1184 1194 βουλῆς
1247 1155 1250 1160 -

181 1212 236 1278 καὶ
259 1215 277 1280 ὁ
300 1210 389 1279 ταῦτ’
412 1212 616 1298 ἐπιψηφίζων
640 1212 810 1296 ἐπιστάτης
832 1215 969 1297 ἠρώτων
989 1213 1043 1280 καὶ
1062 1217 1182 1301 διαχει-

182 1321 337 1401 ροτονίαν
360 1316 531 1401 ἐδίδοσαν,
554 1317 618 1404 ὅτῳ
642 1320 735 1383 δοκεῖ
755 1320 894 1401 δωρειᾶς
916 1318 1013 1397 ἀξίως
1034 1321 1054 1403 ἡ
1077 1324 1181 1405 βουλὴ

182 1421 435 1507 βεβουλευκέναι
457 1421 512 1488 καὶ
534 1423 598 1510 ὅτςο
622 1426 679 1507 μή·
702 1427 808 1488 καίτοι
829 1426 907 1500 τούς
928 1447 966 1507 με
989 1426 1033 1509 μή
1053 1428 1182 1494 αίτοῦν-

181 1552 238 1604 τας
265 1524 347 1612 μηδὲ
375 1531 488 1611 λαβεῖν
516 1526 688 1605 ἀξιοῦντας
715 1525 787 1594 οὐδ’
814 1527 980 1613 ἐπερωτᾶν
1007 1542 1181 1616 προσῆκεν.

147 1653 162 1699 3
182 1635 264 1718 πρὸς
290 1636 406 1698 τοίνυν
431 1634 575 1716 τούτοις,
598 1635 687 1698 ἐστιν
710 1633 731 1697 δ
753 1635 899 1700 Μειδίου
921 1645 1182 1720 κατηγοροῦντος

181 1749 237 1822 τῆς
259 1742 381 1821 βουλῆς
403 1736 457 1802 καὶ
480 1739 590 1802 άλλων
612 1749 724 1820 τινῶν,
746 1737 977 1821 ἀναπηδῶντες
994 1740 1030 1804 οί
1044 1744 1180 1822 βουλευ-

181 1842 233 1909 ταὶ
252 1842 383 1909 ἐδέοντο
402 1845 446 1928 μή
466 1853 551 1927 σφᾶς
568 1841 749 1926 ἀφελέσθαι
766 1845 828 1926 τήν
846 1844 997 1929 δωρειάν.
1019 1842 1075 1909 καὶ
1088 1845 1177 1912 ταῦτ’

181 1949 221 2014 ού
239 1947 314 2031 παρ’
334 1947 415 2031 ἐμοῦ
434 1950 487 2013 δεῖ
502 1946 671 2013 πυθέσθαι
689 1950 765 2024 τοὺς
783 1949 971 2027 δικάζοντας
989 1948 1083 2032 ὑμᾶς,
1105 1946 1176 2016 ἀλλ’

181 2053 274 2119 αὐτοὶ
297 2051 456 2138 παρόντες
480 2051 539 2119 ἴστ’
563 2053 600 2118 ἐν
622 2064 667 2140 τῷ
687 2054 780 2140 δήμω
798 2057 968 2137 γενόμενα.
1001 2053 1084 2120 ὥσθ’
1101 2057 1181 2122 ὅταν

181 2155 241 2243 μὲν
268 2160 312 2243 μή
340 2167 386 2243 φῇ
413 2160 474 2241 τήν
501 2159 628 2242 βουλήν
653 2160 772 2241 αίτεῖυ,
799 2156 896 2222 ταῦθ’
921 2159 1179 2243 ὑπολαμβάνετε·

181 2266 231 2330 ότι
261 2261 291 2329 δ’
319 2259 397 2329 οὐδὲ
427 2265 486 2329 τὸν
516 2265 622 2346 δῆμον
652 2262 690 2349 ἐᾷ
719 2264 850 2328 διδόναι
878 2264 922 2347 μὴ
940 2264 1180 2347 ποιησαμένοις

145 2371 237 2447 4τδις
258 2379 340 2446 ναῦς
361 2370 379 2435 ὁ
402 2371 514 2451 νόμος,
536 2365 591 2432 καὶ
609 2366 696 2433 τοῦτ’
719 2368 878 2446 ἐπιδείξω.
915 2369 970 2434 διδ
988 2380 1089 2436 ταῦτα
1106 2372 1180 2455 γάρ,

181 2472 206 2540 ὦ
230 2477 349 2559 άνδρες
367 2473 550 2556 Ἀθηναῖοι,
573 2483 691 2539 τοῦτον
715 2477 779 2560 ἔχει
802 2477 860 2539 τὸν
881 2478 1005 2557 τρόπον
1027 2475 1045 2540 δ
1067 2480 1180 2560 νόμος,

181 2582 224 2663 μή
252 2579 371 2657 ἐξεῖναι
398 2587 436 2663 τῇ
464 2583 568 2663 βουλῇ
598 2581 642 2662 μή
665 2577 867 2666 ποιησαμένη
890 2581 947 2656 τάς
968 2582 1110 2665 τριήρεις
1130 2584 1179 2646 αί-

180 2695 275 2769 τήσαι
302 2686 362 2767 τήν
389 2684 547 2768 δωρειάν,
577 2685 633 2748 ἵνα
655 2681 738 2767 μηδὲ
761 2691 938 2768 πεισθῆναι
961 2682 1037 2769 μηδ’
1064 2685 1179 2764 ἐξαπα-

179 2797 321 2875 τηδήναι
349 2787 466 2872 γένοιτ’
495 2788 547 2854 ἐπὶ
574 2798 619 2876 τῷ
648 2790 750 2877 δήμῳ.
795 2789 836 2855 ού
863 2791 925 2873 γάρ
953 2787 1035 2877 ᾤετο
1062 2792 1133 2856 δεῖν
1161 2793 1179 2858 δ

180 2895 284 2972 τιθεὶς
315 2896 373 2959 τὸν
403 2896 508 2976 νόμον
540 2891 594 2958 ε’πὶ
623 2902 662 2978 τῇ
694 2905 761 2959 τῶν
788 2897 953 2977 λεγόντων
982 2897 1120 2979 δυνάμει
1142 2900 1179 2964 τὸ

180 3011 312 3086 πρᾶγμα
334 3008 541 3082 καταστῆσαι,
564 2995 636 3063 ἀλλ’
659 2998 676 3062 ὃ
700 3001 830 3064 δίκαιον
852 2994 895 3082 ἦν
913 3000 1023 3085 εὑρεῖν
1042 3002 1108 3085 άμα
1126 2999 1179 3066 καὶ

181 3103 351 3190 συμφέρον
372 3113 417 3192 τῷ
442 3105 551 3193 δήμῳ,
573 3107 665 3192 νόμω
688 3105 851 3188 τετάχθαι.
896 3107 953 3182 τὰς
974 3109 1117 3191 τριήρεις
1139 3107 1180 3172 οῦ

178 3214 367 3292 πεποίησαι;
385 3211 428 3294 μή
447 3214 563 3275 τοίνυν
581 3216 663 3275 αίτει
680 3211 741 3292 τήν
760 3211 909 3295 δωρειάν.
933 3211 1018 3278 ὅπου
1033 3210 1063 3278 δ’
1077 3215 1181 3278 αίτεῖν

180 3317 241 3382 ούκ
264 3315 318 3402 ἐᾷ,
340 3327 407 3391 πῦς
429 3314 469 3380 ού
492 3316 622 3399 σφόδρα
644 3338 681 3397 γε
705 3317 822 3380 δοῦναι
843 3317 977 3393 κωλύεις

143 3438 159 3486 ο
238 3419 351 3497 ’Ἄξιον
373 3424 503 3503 τοίνυν,
528 3417 554 3486 ὦ
577 3422 696 3505 άνδρες
714 3418 897 3505 Ἀθηναῖοι,
919 3420 1052 3487 κάκεῖνο
1075 3422 1180 3501 ἐξετά-

180 3542 251 3607 σαι,
277 3528 312 3589 τί
337 3521 465 3607 δήποτ’,
491 3524 533 3590 ἀν
556 3527 657 3590 τάλλα
680 3522 782 3589 πάνθ’
803 3525 823 3607 ἡ
847 3528 951 3610 βουλή
975 3532 1081 3604 καλῶς
1102 3531 1179 3611 βου-
