2670 3988
471 231 518 280 τα.
538 227 824 299 [mmmmm]
997 258 1000 262 ι
1107 223 1150 290 35

148 381 196 452 ὧν
226 387 364 472 λέγοιμι.
410 387 447 453 έν
477 385 515 453 δὲ
542 388 648 477 τούτῳ
676 387 838 472 ὑπηρέτης
864 389 954 472 ἥκων
980 389 1068 472 παρὰ
1092 396 1153 452 τοῦ

148 502 332 578 στρατηγοῦ
356 491 428 577 ἐμοὶ
449 495 674 580 παρήγγελλεν
697 492 891 578 ἀνάγεσθαι,
914 494 955 558 ού
977 493 1083 581 τούτῳ
1106 499 1151 578 τῷ

149 599 305 686 διαδόχῳ,
328 593 369 663 ού
391 599 411 682 ἡ
436 602 622 683 λειτουργία
643 600 708 681 ἤδη
730 597 885 682 ἐγίγνετο.
920 601 991 664 τότε
1011 593 1071 682 μὲν
1090 591 1151 661 οὖν

147 727 205 786 μοι
232 702 339 770 ἐδόκει
367 703 550 787 ἀνάγεσθαι
577 701 632 769 καὶ
653 708 764 788 πλεῖν,
792 697 828 769 οἷ
847 702 1009 769 ἐκέλευεν·
1039 700 1185 786 ἐπειδηι

149 806 187 873 δέ
209 807 410 874 κατέπλευσα
432 809 532 874 πάλιν
555 811 602 886 είς
624 810 751 892 Θάσον,
775 807 914 886 ἑλκύσας
935 809 973 874 τά
996 806 1082 873 πλοῖ’
1106 809 1153 884 είς

149 915 325 999 Στρύμην,
352 906 388 982 οἷ
411 912 609 1000 προσέταξεν
634 915 652 980 ό
676 917 869 999 στρατηγός,
896 915 1051 990 κελεύσας
1074 915 1151 990 τοὺς

148 1021 271 1096 ναύτας
297 1018 334 1084 ἐν
361 1028 400 1105 τῇ
426 1018 484 1104 νηὶ
511 1017 622 1104 μένειν
648 1018 704 1085 καὶ
730 1022 807 1095 τοὺς
834 1018 987 1103 ἐπιβάτας
1012 1015 1152 1100 καλιὴν

148 1125 342 1210 ὑπηρεσίαν,
366 1123 462 1209 ἐκβὰς
484 1124 582 1201 αὐτὸς
604 1125 785 1210 πορεύομαι
808 1122 862 1189 ἐπὶ
883 1125 944 1208 τὴν
967 1124 1086 1205 οίκίαν,
1109 1117 1151 1187 οὗ

148 1234 305 1316 κατήγετο
329 1232 514 1316 Τιμόμαχος
531 1231 549 1296 ό
568 1232 756 1314 στρατηγός,
778 1231 981 1314 βουλόμενος
997 1226 1150 1293 κάκείνου

148 1336 301 1402 ἐναντίον
314 1338 535 1421 παραδιδόναι
548 1337 608 1420 την
622 1345 707 1401 ναῦν
721 1339 891 1400 Πολυκλεῖ
901 1332 1020 1421 τουτῳὶ
1034 1336 1150 1418 πλήρη.

148 1439 386 1524 καταλαμβάνω
414 1435 476 1505 οὖν
503 1439 557 1506 καὶ
584 1451 703 1506 τοῦτον
730 1439 799 1506 ἐκεῖ
822 1437 877 1505 καὶ
899 1443 975 1516 τοὺς
997 1438 1185 1524 τριηράρ-8

148 1570 227 1631 χους
253 1543 309 1611 καὶ
335 1548 413 1622 τοὺς
440 1547 615 1632 διαδόχους
637 1544 692 1611 καὶ
714 1548 835 1622 άλλους
856 1546 948 1621 τινάς
969 1556 1035 1611 τῶν
1057 1549 1151 1611 πολι-

148 1663 227 1731 τῶν,
248 1649 303 1716 καλ
326 1651 487 1716 εἰσελθὼν
510 1651 614 1727 εὐθὺς
635 1648 786 1716 ἐναντίον
809 1659 868 1715 τοῦ
892 1659 1075 1734 στρατηγοῦ
1096 1653 1151 1716 λό-

148 1780 229 1840 γους
255 1759 336 1842 πρὸς
363 1756 465 1822 αὐτὸν
490 1754 672 1840 ἐποιούμην
694 1753 748 1820 καὶ
770 1754 885 1839 ἠξίουν
909 1754 1009 1821 αὐτὸν
1032 1758 1093 1838 τήν
1115 1779 1149 1821 τε

148 1871 234 1927 ναῦν
257 1885 312 1946 μοι
334 1862 602 1947 παραλαμβάνειν
624 1859 678 1926 καὶ
701 1871 760 1926 τοῦ
779 1860 1150 1946 ἐπιτετριηραρχημένου

148 1970 273 2054 χρόνον
308 1966 505 2033 ἀποδιδόναι
536 1991 592 2050 μοι
623 1967 856 2051 τάναλῶματα,
893 1964 948 2030 καὶ
979 1964 1053 2052 περὶ
1084 1977 1150 2031 τῶν

149 2083 277 2137 σκευῶν
308 2073 445 2157 ἠρώτων
477 2073 595 2157 αὐτόν,
625 2075 746 2158 πότερα
776 2075 1002 2157 παραλήψεται
1031 2072 1052 2156 ἢ
1083 2075 1150 2137 ι’δια

149 2179 249 2262 σκεύη
272 2179 356 2262 ἔχων
378 2178 452 2261 ἥκοι
476 2176 527 2242 ἐπὶ
551 2179 611 2261 την
633 2187 727 2243 ναῦν.
763 2187 864 2242 ταῦτα
887 2174 927 2240 δέ
946 2200 1010 2260 μου
1028 2199 1149 2262 προκα-
1168 2194 1183 2242 9

149 2280 313 2366 λουμένου
337 2282 438 2348 αύτὸν
460 2283 570 2368 ἠρώτα
593 2306 648 2366 με,
677 2284 761 2348 διότι
785 2281 884 2364 σκεύη
907 2279 936 2346 τ’
958 2283 1026 2346 ἴδια
1049 2286 1150 2366 μόνος

149 2390 255 2474 ἔχοιμι
277 2399 343 2453 τῶν
366 2389 571 2473 τριηράρχων
594 2385 649 2452 καὶ
672 2385 781 2474 πότερ’
804 2387 825 2470 ἡ
847 2389 942 2463 πόλις
964 2387 1025 2452 οὐκ
1047 2389 1149 2472 εἰδείη

149 2495 239 2570 τινὰς
265 2492 469 2578 δυναμένους
491 2495 590 2578 σκεύη
613 2503 794 2578 παρασχεῖν
816 2503 886 2569 ταῖς
908 2496 1043 2576 ναυσίν,
1070 2491 1146 2557 ὥστ’

148 2598 230 2682 αὐτη
254 2600 297 2682 μὴ
321 2597 482 2684 παρέχειν.
529 2598 565 2681 Ἱὶ
588 2601 629 2662 σὺ
648 2597 823 2664 τοσοῦτον’
851 2600 914 2682 ἐφη
938 2595 1150 2682 ’ὑπερπέπαι-

147 2727 206 2781 κας
233 2705 364 2792 πλούτςο
391 2707 469 2781 τούς
495 2705 631 2787 ἄλλους,
659 2705 741 2768 ὥστε
768 2702 822 2769 καί
851 2704 950 2786 σκεύη
979 2701 1035 2767 ίδί
1063 2705 1149 2787 ἔχειν

148 2808 202 2875 καὶ
229 2812 353 2892 κόσμον
380 2812 609 2895 χρυσόπαστον
636 2810 737 2893 μόνος
763 2820 829 2874 τῶν
852 2807 1073 2893 τριηράρχους
1102 2810 1150 2884 τίς
1170 2825 1202 2875 10

148 3018 341 3104 ὑπομεῖναι,
376 3017 622 3105 διεφθαρμένον
655 3016 716 3104 μέν
750 3022 910 3103 πλήρωμα
945 3017 1000 3084 καὶ
1032 3021 1150 3096 εἰωθὸς
1212 3081 1215 3089 ,

148 3123 307 3209 ἀργύριον
333 3127 419 3190 πολὺ
445 3124 690 3211 προλαμβάνειν
717 3122 772 3189 καὶ
799 3123 944 3200 άτελείας
967 3125 1060 3208 άγειν
1082 3136 1148 3189 τῶν

147 3229 371 3313 νομιζομένων
404 3229 440 3295 ἐν
469 3239 507 3315 τῇ
535 3229 591 3316 νηὶ
618 3235 831 3315 λειτουργιῶν
858 3228 913 3295 καὶ
942 3235 1084 3295 λοῦσθαι
1112 3229 1148 3295 ἐν
1208 3299 1209 3302 ¹

147 3338 325 3424 βαλανείῳ,
352 3346 545 3420 τρυφῶντας
573 3333 604 3400 δ’
626 3335 779 3419 ἐπιβάτας
801 3334 855 3400 καὶ
878 3336 1060 3421 ὑπηρεσίαν
1082 3336 1147 3401 ύπὸ

147 3446 271 3523 μισθοῦ
284 3445 410 3507 πολλοῦ
424 3439 478 3506 καί
494 3440 658 3518 ἐντελοῦς;
676 3451 786 3504 κακῶν
802 3437 847 3505 δ”
863 3443 925 3526 ἔφη
940 3441 1149 3518 εδιδάσκαλος

147 3543 284 3628 γέγονας
307 3545 343 3610 ἐν
366 3556 411 3634 τῶ
435 3547 649 3631 στρατεύματι
672 3544 725 3611 καὶ
749 3551 850 3622 αίτιος
873 3542 904 3610 εί
924 3545 1022 3631 μέρος
1044 3570 1075 3611 τι
1093 3545 1148 3611 καὶ
