2670 3988
491 241 537 294 xl.
556 227 816 294 Δενοεοενεε.
1114 239 1157 303 43

156 399 258 484 λεόση
281 396 336 463 καὶ
354 396 468 482 μηδεὶς
487 401 543 485 ἔχη
562 395 665 483 μηδὲν
684 397 866 482 ἐγκαλέσαι,
888 401 944 476 τάς
963 396 1000 464 δὲ
1017 401 1159 484 τριήρεις

155 505 200 587 μή
219 507 406 588 ποιήσηται,
427 506 489 587 τήν
509 506 650 589 ὃωρειάν
668 505 729 570 οὐκ
747 505 871 582 ἔξεστιν
890 507 1026 587 αἰτήσαι.
1062 505 1158 587 εὑρή-

154 625 227 674 σετε
263 610 326 692 χάρ
362 605 450 674 τοῦτ’
487 611 624 694 ἰσχυρὸν
654 605 736 693 ὑπέρ
768 620 828 675 τοῦ
860 611 967 693 δήμου
997 614 1158 694 κείμενον.

152 709 245 797 οἶμαι
273 715 336 799 χάρ
363 713 405 778 ἀν
432 713 545 797 μηδέν’
568 713 743 798 ἀντειπεῖν,
773 715 817 791 ὡς
840 715 916 800 οὐχ,
946 715 1007 779 ὅσα
1029 717 1156 780 πώποτε

154 827 192 903 τῇ
218 822 312 884 πόλει
339 817 476 902 γέγονεν
503 819 523 902 ή
550 829 613 884 νῦν
641 819 730 884 ἐστιν
757 817 855 902 ἀγάθ’
882 819 903 902 ή
930 819 1071 904 θάτερα,
1102 820 1157 884 ἵνα

154 920 259 1007 μηδὲν
281 931 362 989 είπω
385 930 548 1009 φλαῦρον,
571 925 607 990 ἐκ
626 935 684 1008 τής
701 936 767 989 τῶν
785 927 928 1010 τριήρων
946 925 986 988 τά
1004 921 1064 1008 μὲν
1083 927 1157 1007 κτή-

153 1045 237 1106 σεως
258 1030 298 1094 τά
322 1026 351 1094 δ’
375 1029 534 1106 ἀπουσίας
556 1027 701 1112 γέγονεν.
742 1021 815 1094 οἷον
840 1065 877 1076 -
903 1029 1008 1093 πολλά
1032 1025 1092 1112 μὲν
1114 1030 1191 1095 ἀνα

152 1159 203 1212 τις
225 1137 294 1220 ἐχοι
317 1133 426 1217 λέγειν
448 1131 502 1200 καὶ
524 1136 646 1200 παλαιά
668 1133 723 1199 καὶ
745 1136 855 1199 καινά·
879 1135 899 1200 ἀ
922 1133 952 1199 δ’
976 1129 1038 1199 οὖν
1056 1143 1156 1198 πᾶσιν

156 1237 283 1323 μάλιστ’
310 1239 450 1306 ἀκοῦσαι
472 1242 636 1323 γνώριμα,
663 1251 760 1305 τοῦτο
784 1239 855 1324 μέν,
877 1243 908 1304 εί
929 1236 1101 1325 βούλεσθ’,
1125 1239 1160 1303 οί

154 1346 193 1409 τά
207 1346 394 1429 προπύλαια
407 1342 534 1409 καὶτὸν
548 1342 736 1429 παρθενῶν’
749 1347 1023 1428 οἰκοδομήσαντες
1037 1343 1156 1408 ἐκείνοι

154 1448 209 1514 καὶ
236 1446 326 1515 τᾶλλ’
353 1448 417 1514 ἀπὸ
444 1459 510 1513 τῶν
537 1449 714 1534 βαρβάρων
742 1451 813 1532 ίερά
835 1453 1073 1534 κοσμήσαντες,
1101 1446 1152 1532 ἐφ’

153 1547 205 1631 οἷς
232 1555 496 1638 φιλοτιμούμεθα
522 1555 640 1630 πάντες
667 1556 814 1637 είκότως,
842 1561 909 1619 ίστε
937 1556 1044 1638 δήπου
1066 1552 1154 1619 τοῦτ’

154 1659 253 1744 ἀκοή,
286 1659 336 1723 ότι
365 1659 425 1740 τήν
452 1662 550 1724 πόλιν
577 1658 762 1736 ἐκλιπόντες
788 1657 843 1724 καὶ
869 1658 1158 1737 κατακλεισθέντες

153 1768 202 1841 είς
220 1761 381 1848 Σαλαμῖν’
400 1763 437 1828 ἐκ
459 1774 518 1830 τοῦ
541 1767 683 1850 τριήρεις
705 1768 792 1850 ἐχειν
813 1766 920 1830 πάντα
942 1761 1003 1849 μὲν
1022 1766 1061 1829 τά
1080 1764 1157 1849 σφί-

155 1867 220 1954 τερ’
250 1870 360 1934 αὐτῶν
390 1867 446 1934 καὶ
477 1871 537 1953 τήν
568 1874 666 1936 πόλιν
700 1880 739 1955 τῇ
770 1875 934 1958 ναυμαχίᾳ
966 1875 1156 1955 νικήσαντες

155 1978 300 2058 έσωσαν,
328 1980 460 2040 πολλῶν
486 1973 522 2040 δὲ
545 1974 599 2041 καὶ
622 1977 772 2059 μεγάλων
796 1975 933 2058 ἀγαθῶν
955 1987 1023 2052 τοῖς
1045 1977 1157 2050 ἀλλοις

153 2077 284 2163 Ἑλλησι
306 2078 508 2163 κατέστησαν
531 2086 642 2165 αἴτιοι,
665 2075 712 2146 ὧν
734 2077 807 2146 οὐδ’
826 2081 844 2146 ὁ
862 2083 981 2166 χρόνος
998 2083 1058 2164 τήν
1076 2083 1156 2165 μνή-

155 2208 222 2268 μην
245 2183 426 2268 ἀφελέσθαι
450 2186 595 2250 δύναται.
632 2181 712 2249 είεν·
736 2182 805 2250 ἀλλ’
830 2184 938 2249 ἐκεῖνα
961 2181 1020 2267 μὲν
1039 2183 1190 2269 ἀρχαῖαι

154 2287 210 2354 καὶ
232 2289 364 2354 παλαιά.
409 2287 480 2354 ἀλλ’
503 2289 523 2354 ἀ
546 2290 663 2366 πάντες
686 2287 855 2372 ἑοράκατ’,
880 2286 949 2354 ἴσθ’
971 2289 1021 2354 ὅτι
1043 2289 1260 2383 πρώηνξλήξῗά

156 2393 341 2478 Εὐβοεῦσιν
378 2395 508 2479 ἡμερῶν
538 2405 640 2478 τριῶν
672 2394 872 2478 ἐβοηθήσατε
904 2392 958 2458 καὶ
992 2398 1156 2477 Θηβαίους
1189 2395 1227 2436 ⁸⁵⁷

152 2499 386 2576 ὑποσπόνδους
408 2499 619 2582 ἀπηλλάξατε.
665 2495 716 2584 ἀρ’
744 2495 806 2565 οὖν
832 2497 922 2565 ταῦτ’
943 2498 1091 2584 ἐπράξατ’
1114 2500 1156 2564 ἀν

155 2605 260 2680 οὕτως
287 2603 400 2688 ὀξέως,
427 2607 459 2669 εί
480 2605 523 2688 μή
547 2615 628 2681 ναῦς
649 2611 749 2689 είχετε
772 2606 902 2687 καινάς,
929 2603 965 2669 ἐν
988 2597 1040 2681 αἷς
1062 2605 1156 2690 ἐβοη-

152 2713 293 2793 θήσατε;
320 2707 393 2775 ἀλλ’
415 2711 476 2776 οὐκ
503 2710 545 2775 ἀν
572 2711 750 2794 ἠδύνασθε.
796 2712 878 2775 ἀλλα
900 2709 993 2776 πόλλ’
1017 2713 1086 2795 ἐχοι
1108 2732 1157 2786 τις

154 2813 198 2880 ἀν
224 2817 345 2900 εἰπεῖν,
374 2815 395 2880 ἃ
421 2826 460 2901 τη
488 2819 581 2881 πόλει
608 2815 743 2899 γέγονεν
771 2815 807 2881 ἐκ
833 2826 893 2882 τοῦ
920 2818 1038 2892 ταύτας
1064 2839 1155 2880 κατε-

153 2921 339 2986 σκευάσθαι
361 2927 467 2998 καλῶς
489 2921 609 3004 ἀγαθά.
641 2918 720 2987 εἶεν·
743 2921 779 2987 ἐκ
802 2918 839 2986 δὲ
861 2931 920 2987 τοῦ
943 2931 1048 2997 κακῶς
1070 2923 1156 2986 πόσα
1175 2937 1190 2985 8

154 3027 266 3104 βεινάς
296 3027 336 3091 τά
363 3025 423 3110 μὲν
449 3025 543 3092 πόλλ’
571 3026 669 3092 ἐάσω·
700 3025 771 3093 ἀλλ’
798 3026 848 3092 ἐπὶ
876 3037 936 3092 τοῦ
958 3031 1157 3092 Δεκελεικοῦ

155 3129 301 3215 πολέμου
325 3129 490 3217 (τῶνγὰρ
513 3130 658 3215 ἀρχαίων
681 3131 728 3215 ἕν,
752 3132 770 3197 ὃ
792 3133 909 3207 πάντες
932 3129 1013 3214 ἐμοῦ
1030 3136 1156 3215 μᾶλλον

153 3235 340 3320 ἐπίστασθ’,
362 3237 557 3319 ὑπομνήσω)
580 3241 713 3301 πολλῶν
731 3235 783 3300 καλ
804 3240 923 3302 δεινῶν
942 3234 1155 3320 ἀτυχημάτων
1282 3252 1284 3258 ’

154 3341 353 3423 συμβάντων
379 3350 418 3425 τῇ
446 3343 554 3423 πόλει,
581 3340 622 3404 οὐ
649 3344 809 3425 πρότερον
836 3350 881 3428 τῷ
905 3339 1035 3427 πολέμῳ
1058 3339 1155 3422 παρέ-

154 3461 291 3527 στησαν,
313 3441 392 3527 πρὶν
414 3446 451 3509 τὸ
473 3447 631 3510 ναυτικὸν
654 3445 763 3511 αὐτῶν
786 3444 942 3509 ἀπώλετο.
973 3441 1028 3508 καὶ
1050 3448 1085 3508 τί
1105 3446 1158 3508 δεῖ

153 3551 194 3615 τά
216 3550 339 3614 παλαιά
361 3548 483 3631 λέχειν;
506 3552 565 3616 τὸν
582 3555 769 3615 τελευταίου
788 3550 850 3634 γάρ
869 3555 935 3613 λ’στε
954 3550 1040 3632 πρὸς.
1051 3551 1155 3612 Λακε-
