2670 3988
507 215 581 266 VIII.
599 213 860 267 ΔΗΜΟΣΘΕΝΗΣ.

315 495 404 560 VIII.
429 495 622 560 Provocatio
646 496 686 559 ud
707 495 828 560 iudices
852 497 889 559 de
913 496 1051 560 civiIaIe.

535 615 623 684 [Dem.
638 615 711 669 LVII
730 617 834 685 1-17.)

254 737 297 792 Ol.
317 741 380 805 108,
400 743 417 792 3
439 740 475 808 (α.
495 738 557 793 Chr.
577 738 666 809 346s5)
688 736 806 792 Athenis
829 736 957 792 omnibus
976 738 1010 792 ds
1029 737 1135 792 civibus
1154 737 1185 790 in

184 824 234 862 suo
257 807 292 862 de
315 824 426 877 quoque
448 824 522 878 pugo
546 807 680 877 suffragiu
698 809 759 862 luts
778 809 856 876 sunt,
878 810 910 862 ut
928 807 954 862 ei
972 809 1021 876 qui
1040 806 1184 862 civitatem

182 882 366 947 usurpassent
383 879 538 934 eicerentur
557 877 762 948 (ἀπούήφισις).
799 877 891 946 isqui
909 895 1022 932 eausam
1041 878 1111 932 dicit
1128 877 1184 932 ini-

183 964 237 1017 quo
260 950 328 1017 pagi
350 949 393 1002 sui
417 948 550 1017 suffragio
574 948 679 1003 eiectus
704 948 741 1002 sd
764 947 870 1002 iudiess
893 948 1067 1016 μεονοοεπίις
1091 947 1184 1016 quisi

182 1017 316 1072 iudicium
335 1018 405 1072 illud
425 1019 574 1086 semes-ist,
595 1021 645 1074 sub
665 1035 767 1074 corona
786 1034 849 1072 sum
867 1018 961 1073 venire
980 1019 1079 1074 volunt
1096 1021 1183 1088 leges.

182 1088 259 1212 ραςχὶ]
276 1089 447 1142 Hinmuntis
473 1089 635 1158 suffragium
658 1089 694 1144 ab
718 1089 857 1142 Eubulide
880 1089 948 1158 pugi
970 1089 1113 1158 praefecto
1136 1089 1183 1142 ds-

195 1176 229 1214 en
252 1159 314 1213 ἐστ.

149 1333 161 1378 1
249 1321 365 1383 Πολλά
387 1317 442 1385 καί
461 1319 565 1401 ψενδή
584 1322 843 1403 κατηγορηκότος
861 1319 953 1403 ήμῶν
976 1319 1184 1402 Εὐβουλίδου

182 1423 236 1489 καὶ
254 1426 462 1508 βλασφημίας
480 1423 555 1487 ούτε
573 1426 802 1506 προσηκούσας
820 1425 894 1490 ούτε
910 1426 1036 1500 δικαίας
1050 1445 1183 1507 πεποιη-

182 1528 296 1614 μένον,
318 1529 512 1612 πειράσομαι
535 1527 661 1613 τάληθῆ
684 1527 795 1594 καὶτὰ
814 1531 923 1594 δίκαια
942 1528 1058 1612 λέγων,
1081 1525 1183 1594 ὦάν-

182 1636 259 1718 δρες
285 1635 451 1715 δικασταί,
479 1631 581 1710 δείξαι
605 1632 660 1698 καὶ
683 1637 781 1717 μετὸν
803 1643 859 1718 τῆς
881 1637 1005 1710 πόλεως
1026 1635 1105 1718 ἡμῖν
1128 1632 1183 1698 καὶ

182 1735 360 1804 πεπονθότ’
383 1737 523 1822 ἐμαυτὸν
547 1737 621 1824 ούχλ
638 1738 842 1824 προσήκονθ’
863 1740 927 1804 ὑπὸ
945 1740 1074 1804 τούτου.
1111 1737 1183 1804 δέο-

182 1869 240 1928 μαι
263 1841 293 1908 δ’
316 1843 469 1908 ἀπάντων
486 1843 591 1927 ὑμῶν,
614 1840 776 1930 ὧάνδρες
794 1845 954 1927 δικασταί,
977 1843 1031 1908 καὶ
1050 1844 1183 1908 ίκετεύω

181 1949 236 2015 καὶ
259 1949 420 2034 ἀντιβολῶ
444 1948 681 2032 λογισαμένους
703 1953 740 2014 τό
763 1973 796 2014 τε
821 1948 961 2033 μέγεθος
984 1960 1042 2014 τοῦ
1061 1952 1180 2034 παρόν·
1208 1958 1222 1968 “

181 2079 237 2131 τος
263 2055 390 2139 ἀγῶνος
415 2052 469 2118 καὶ
496 2056 556 2137 τήν
584 2056 759 2140 αίσχύνην,
786 2052 860 2138 μεθ’
887 2049 925 2137 ής
950 2054 1088 2140 ὑπάρχει
1115 2064 1183 2129 τοῖς

182 2157 409 2244 ἁλισκομένοις
440 2158 663 2242 ἀπολωλέναι,
699 2160 837 2224 ἀκοῦσαι
868 2157 922 2223 καλ
953 2158 1034 2242 ἐμοῦ
1066 2168 1182 2243 σιωπή,

182 2265 321 2349 μάλιστα
352 2262 428 2348 μέν,
461 2266 492 2327 εί
522 2266 681 2347 δυνατόν,
712 2264 791 2348 μετά
822 2267 974 2338 πλείονος
1001 2263 1132 2340 εὐνοίας
1160 2262 1181 2346 ή

182 2371 302 2436 τούτου
329 2367 411 2452 (τοῖς
438 2370 500 2453 γάρ
528 2368 564 2433 έν
590 2371 736 2456 κινδύνῳ
759 2373 998 2451 καθεστηκόσιν
1020 2371 1107 2446 εἰκὸς
1128 2369 1182 2434 εύ-

183 2474 398 2558 νοίκωτέρους
419 2472 609 2560 ὑπάρχειν),
639 2477 669 2538 εί
695 2471 732 2538 δὲ
758 2477 819 2558 μή,
848 2475 927 2557 μετά
954 2498 991 2559 γε
1017 2483 1073 2552 τῆς
1101 2481 1181 2558 ίσης.

149 2582 356 2664 ἀσυμβαίνει
383 2578 423 2644 δέ
447 2603 502 2663 μοι
530 2581 566 2644 τὸ
590 2576 651 2663 μὲν
673 2575 749 2644 καθ’
776 2579 874 2662 ἡμᾶς,
901 2575 927 2644 ἀ)
951 2581 1069 2662 ἀνδρες
1092 2581 1182 2645 δικα-

183 2690 273 2769 σταί,
300 2682 354 2750 καὶ
381 2687 417 2750 τὸ
443 2687 620 2769 προσήκειν
644 2709 699 2768 μοι
722 2693 778 2767 τής
800 2688 940 2767 πόλεως,
966 2691 1105 2768 θαρρεῖν
1127 2683 1181 2749 καὶ

183 2791 305 2866 πολλάς
332 2792 418 2876 ἔχειν
446 2790 578 2866 ἐλπίδας
601 2795 706 2866 καλῶς
728 2789 959 2874 ἀγωνιεῖσθαι,
986 2792 1044 2854 τὸν
1067 2792 1182 2875 καιρὸν

184 2893 220 2961 δέ
247 2895 302 2960 καὶ
329 2897 365 2961 τὸ
392 2895 607 2979 παρωξύνθαι
634 2898 694 2979 τήν
716 2899 813 2960 πόλιν
835 2898 917 2981 πρὸς
939 2896 995 2972 τὰς
1018 2894 1181 2979 ἀποψηφί-

184 3019 251 3078 σεις
273 3005 463 3085 φοβεῖσθαι·
487 3005 618 3066 πολλῶν
641 3001 703 3083 γὰρ
727 2999 969 3084 ἐξεληλαμένων
992 3003 1125 3076 δικαίως
1147 2999 1183 3065 ἐκ

183 3108 314 3173 πάντων
351 3118 417 3172 τῶν
454 3108 585 3190 δήμων,
622 3108 967 3190 συγκεκοινωνήκαμεν
999 3115 1056 3190 τῆς
1087 3104 1184 3188 δόξης

183 3214 302 3295 ταύτης
325 3213 360 3277 οί
378 3211 687 3295 κατεστασιασμένοι
710 3210 765 3276 καὶ
782 3214 863 3297 πρὸς
880 3213 940 3295 τήν
959 3207 1028 3276 κατ’
1047 3210 1183 3276 ἐκείνων

183 3321 307 3400 αίτίαν,
335 3317 374 3383 ού
401 3319 483 3400 πρὸς
504 3319 541 3381 τὸ
565 3314 642 3381 καθ’
667 3317 768 3382 αὑτὸν
791 3316 924 3394 ἕκαστος
946 3316 1183 3400 ἀγωνιζόμεθα,

149 3435 164 3483 3
184 3422 260 3490 ὥστ’
284 3422 316 3501 ἐξ
340 3421 482 3505 ἀνάγκης
505 3420 607 3505 μέγαν
629 3421 709 3505 ἡμῖν
728 3417 813 3486 εἶναι
830 3424 888 3487 τὸν
906 3425 1023 3506 φόβον.
1060 3421 1100 3486 ού
1118 3423 1184 3505 μήν

183 3528 267 3593 ἀλλά
296 3530 410 3608 καίπερ
439 3527 564 3590 τούτων
592 3526 696 3602 οὕτως
723 3526 880 3610 ἐχόντων,
910 3526 930 3591 ἀ
960 3529 1079 3609 νομίζω
1109 3523 1184 3611 περὶ
