<?xml version="1.0" encoding="UTF-8"?>
<!DOCTYPE html PUBLIC "-//W3C//DTD XHTML 1.0 Transitional//EN"
    "http://www.w3.org/TR/xhtml1/DTD/xhtml1-transitional.dtd">
<html xmlns="http://www.w3.org/1999/xhtml" xml:lang="en" lang="en">
 <head>
  <title>
</title>
<meta http-equiv="Content-Type" content="text/html;charset=utf-8" />
  <meta name='ocr-system' content='tesseract 3.04.00' />
  <meta name='ocr-capabilities' content='ocr_page ocr_carea ocr_par ocr_line ocrx_word'/>
</head>
<body>
  <div class='ocr_page' id='page_1' title='image "./florilegiumgrae00petegoog_0030.png"; bbox 0 0 2670 3988; ppageno 0'>
   <div class='ocr_carea' id='block_1_1' title="bbox 173 187 863 254">
    <p class='ocr_par' dir='ltr' id='par_1_1' title="bbox 173 187 863 254">
     <span class='ocr_line' id='line_1_1' title="bbox 173 187 863 254; baseline -0.001 -8"><span class='ocrx_word' id='word_1_1' title='bbox 173 187 216 254; x_wconf 79' lang='lat'><strong><em>26</em></strong></span> <span class='ocrx_word' id='word_1_2' title='bbox 509 193 584 246; x_wconf 84' lang='lat' dir='ltr'>VIII.</span> <span class='ocrx_word' id='word_1_3' title='bbox 600 191 863 245; x_wconf 81' lang='grc' dir='ltr'><strong><em>ΔΗΜΟΣΘΕΝΗΣ.</em></strong></span> 
     </span>
    </p>
   </div>
   <div class='ocr_carea' id='block_1_2' title="bbox 126 348 1187 3599">
    <p class='ocr_par' dir='ltr' id='par_1_2' title="bbox 126 348 1187 3599">
     <span class='ocr_line' id='line_1_2' title="bbox 172 348 1184 441; baseline -0.002 -27"><span class='ocrx_word' id='word_1_4' title='bbox 172 348 357 435; x_wconf 76' lang='grc' dir='ltr'><strong><em>μετέλαβεν.</em></strong></span> <span class='ocrx_word' id='word_1_5' title='bbox 406 353 459 418; x_wconf 88' lang='grc' dir='ltr'><strong><em>ότι</em></strong></span> <span class='ocrx_word' id='word_1_6' title='bbox 498 353 539 437; x_wconf 90' lang='grc' dir='ltr'><strong><em>δὴ</em></strong></span> <span class='ocrx_word' id='word_1_7' title='bbox 572 352 609 418; x_wconf 90' lang='grc' dir='ltr'><strong><em>ἐν</em></strong></span> <span class='ocrx_word' id='word_1_8' title='bbox 640 351 754 441; x_wconf 79' lang='grc' dir='ltr'><strong><em>ἐκείνῳ</em></strong></span> <span class='ocrx_word' id='word_1_9' title='bbox 785 361 831 438; x_wconf 73' lang='grc' dir='ltr'><strong><em>τῷ</em></strong></span> <span class='ocrx_word' id='word_1_10' title='bbox 860 350 965 433; x_wconf 82' lang='grc' dir='ltr'><strong><em>ἀγῶνι</em></strong></span> <span class='ocrx_word' id='word_1_11' title='bbox 993 350 1032 414; x_wconf 86' lang='grc' dir='ltr'><strong><em>τά</em></strong></span> <span class='ocrx_word' id='word_1_12' title='bbox 1062 349 1184 430; x_wconf 90' lang='grc' dir='ltr'><strong><em>δίκαια,</em></strong></span> 
     </span>
     <span class='ocr_line' id='line_1_3' title="bbox 171 454 1184 544; baseline -0.003 -24"><span class='ocrx_word' id='word_1_13' title='bbox 171 456 277 544; x_wconf 81' lang='grc' dir='ltr'><strong><em>τούτςο</em></strong></span> <span class='ocrx_word' id='word_1_14' title='bbox 296 454 335 522; x_wconf 74' lang='grc' dir='ltr'><strong><em>δὲ</em></strong></span> <span class='ocrx_word' id='word_1_15' title='bbox 353 455 505 524; x_wconf 91' lang='grc' dir='ltr'><strong><em>τάναντί’</em></strong></span> <span class='ocrx_word' id='word_1_16' title='bbox 524 457 743 544; x_wconf 76' lang='grc' dir='ltr'><strong><em>ἐμαρτύρησα,</em></strong></span> <span class='ocrx_word' id='word_1_17' title='bbox 767 459 822 522; x_wconf 84' lang='grc' dir='ltr'><strong><em>διά</em></strong></span> <span class='ocrx_word' id='word_1_18' title='bbox 840 457 961 540; x_wconf 91' lang='grc' dir='ltr'><strong><em>ταύτην</em></strong></span> <span class='ocrx_word' id='word_1_19' title='bbox 979 456 1040 538; x_wconf 93' lang='grc' dir='ltr'><strong><em>τὴν</em></strong></span> <span class='ocrx_word' id='word_1_20' title='bbox 1059 457 1184 540; x_wconf 80' lang='grc' dir='ltr'><strong><em>ἔχθραν</em></strong></span> 
     </span>
     <span class='ocr_line' id='line_1_4' title="bbox 173 559 1184 648; baseline -0.003 -22"><span class='ocrx_word' id='word_1_21' title='bbox 173 559 356 628; x_wconf 83' lang='grc' dir='ltr'><strong><em>ἐπιτίθεταί</em></strong></span> <span class='ocrx_word' id='word_1_22' title='bbox 375 587 446 648; x_wconf 89' lang='grc' dir='ltr'><strong><em>μοι.</em></strong></span> <span class='ocrx_word' id='word_1_23' title='bbox 484 562 538 630; x_wconf 82' lang='grc' dir='ltr'><strong><em>καὶ</em></strong></span> <span class='ocrx_word' id='word_1_24' title='bbox 560 564 743 648; x_wconf 82' lang='grc' dir='ltr'><strong><em>βουλεύων,</em></strong></span> <span class='ocrx_word' id='word_1_25' title='bbox 766 559 928 647; x_wconf 82' lang='grc' dir='ltr'><strong><em>ὧάνδρες</em></strong></span> <span class='ocrx_word' id='word_1_26' title='bbox 946 563 1107 642; x_wconf 90' lang='grc' dir='ltr'><strong><em>δικασταί,</em></strong></span> <span class='ocrx_word' id='word_1_27' title='bbox 1128 561 1184 623; x_wconf 87' lang='grc' dir='ltr'><strong><em>καί</em></strong></span> 
     </span>
     <span class='ocr_line' id='line_1_5' title="bbox 172 659 1184 755; baseline 0 -25"><span class='ocrx_word' id='word_1_28' title='bbox 172 668 286 751; x_wconf 89' lang='grc' dir='ltr'><strong><em>κύριος</em></strong></span> <span class='ocrx_word' id='word_1_29' title='bbox 313 668 360 733; x_wconf 81' lang='grc' dir='ltr'><strong><em>ὢν</em></strong></span> <span class='ocrx_word' id='word_1_30' title='bbox 386 679 446 736; x_wconf 90' lang='grc' dir='ltr'><strong><em>τοῦ</em></strong></span> <span class='ocrx_word' id='word_1_31' title='bbox 477 668 513 734; x_wconf 89' lang='grc' dir='ltr'><strong><em>θ’</em></strong></span> <span class='ocrx_word' id='word_1_32' title='bbox 541 669 644 755; x_wconf 87' lang='grc' dir='ltr'><strong><em>όρκου</em></strong></span> <span class='ocrx_word' id='word_1_33' title='bbox 674 667 728 734; x_wconf 82' lang='grc' dir='ltr'><strong><em>καὶ</em></strong></span> <span class='ocrx_word' id='word_1_34' title='bbox 750 680 817 733; x_wconf 83' lang='grc' dir='ltr'><strong><em>τῶν</em></strong></span> <span class='ocrx_word' id='word_1_35' title='bbox 839 669 1053 753; x_wconf 92' lang='grc' dir='ltr'><strong><em>γραμμάτων,</em></strong></span> <span class='ocrx_word' id='word_1_36' title='bbox 1080 663 1112 742; x_wconf 81' lang='grc' dir='ltr'><strong><em>ἐξ</em></strong></span> <span class='ocrx_word' id='word_1_37' title='bbox 1136 659 1184 730; x_wconf 80' lang='grc' dir='ltr'><strong><em>διν</em></strong></span> 
     </span>
     <span class='ocr_line' id='line_1_6' title="bbox 137 770 1183 860; baseline -0.002 -24"><span class='ocrx_word' id='word_1_38' title='bbox 137 788 154 837; x_wconf 81' lang='lat'><strong><em>‘1</em></strong></span> <span class='ocrx_word' id='word_1_39' title='bbox 174 771 325 838; x_wconf 92' lang='grc' dir='ltr'><strong><em>ἀνεκάλει</em></strong></span> <span class='ocrx_word' id='word_1_40' title='bbox 346 778 424 852; x_wconf 85' lang='grc' dir='ltr'><strong><em>τοὺς</em></strong></span> <span class='ocrx_word' id='word_1_41' title='bbox 447 777 612 860; x_wconf 77' lang='grc' dir='ltr'><strong><em>δημότας,</em></strong></span> <span class='ocrx_word' id='word_1_42' title='bbox 634 778 669 839; x_wconf 90' lang='grc' dir='ltr'><strong><em>τί</em></strong></span> <span class='ocrx_word' id='word_1_43' title='bbox 688 785 792 852; x_wconf 69' lang='grc' dir='ltr'><strong><em>ποιεῖς</em></strong></span> <span class='ocrx_word' id='word_1_44' title='bbox 819 785 949 860; x_wconf 83' lang='grc' dir='ltr'><strong><em>πρῶτον</em></strong></span> <span class='ocrx_word' id='word_1_45' title='bbox 971 771 1048 856; x_wconf 95' lang='grc' dir='ltr'><strong><em>μέν,</em></strong></span> <span class='ocrx_word' id='word_1_46' title='bbox 1071 770 1183 853; x_wconf 89' lang='grc' dir='ltr'><strong><em>ἐπειδὴ</em></strong></span> 
     </span>
     <span class='ocr_line' id='line_1_7' title="bbox 173 875 1184 966; baseline -0.001 -24"><span class='ocrx_word' id='word_1_47' title='bbox 173 876 395 962; x_wconf 88' lang='grc' dir='ltr'><strong><em>συνελέγησαν</em></strong></span> <span class='ocrx_word' id='word_1_48' title='bbox 418 881 453 946; x_wconf 82' lang='grc' dir='ltr'><strong><em>ολ</em></strong></span> <span class='ocrx_word' id='word_1_49' title='bbox 473 882 633 964; x_wconf 78' lang='grc' dir='ltr'><strong><em>δημόται,</em></strong></span> <span class='ocrx_word' id='word_1_50' title='bbox 656 878 828 966; x_wconf 77' lang='grc' dir='ltr'><strong><em>κατέτριψε</em></strong></span> <span class='ocrx_word' id='word_1_51' title='bbox 850 880 911 962; x_wconf 89' lang='grc' dir='ltr'><strong><em>τὴν</em></strong></span> <span class='ocrx_word' id='word_1_52' title='bbox 932 875 1058 963; x_wconf 91' lang='grc' dir='ltr'><strong><em>ἡμέραν</em></strong></span> <span class='ocrx_word' id='word_1_53' title='bbox 1081 877 1184 960; x_wconf 85' lang='grc' dir='ltr'><strong><em>δημη·</em></strong></span> 
     </span>
     <span class='ocr_line' id='line_1_8' title="bbox 173 977 1183 1070; baseline -0.002 -22"><span class='ocrx_word' id='word_1_54' title='bbox 173 994 283 1070; x_wconf 83' lang='grc' dir='ltr'><strong><em>γορῶν</em></strong></span> <span class='ocrx_word' id='word_1_55' title='bbox 305 982 360 1049; x_wconf 82' lang='grc' dir='ltr'><strong><em>καί</em></strong></span> <span class='ocrx_word' id='word_1_56' title='bbox 381 988 583 1069; x_wconf 90' lang='grc' dir='ltr'><strong><em>ψηφίσματα</em></strong></span> <span class='ocrx_word' id='word_1_57' title='bbox 605 985 752 1070; x_wconf 88' lang='grc' dir='ltr'><strong><em>γράφων.</em></strong></span> <span class='ocrx_word' id='word_1_58' title='bbox 797 995 895 1050; x_wconf 89' lang='grc' dir='ltr'><strong><em>τοῦτο</em></strong></span> <span class='ocrx_word' id='word_1_59' title='bbox 919 981 949 1048; x_wconf 91' lang='grc' dir='ltr'><strong><em>δ’</em></strong></span> <span class='ocrx_word' id='word_1_60' title='bbox 970 977 1013 1066; x_wconf 90' lang='grc' dir='ltr'><strong><em>ἡν</em></strong></span> <span class='ocrx_word' id='word_1_61' title='bbox 1036 983 1097 1047; x_wconf 85' lang='grc' dir='ltr'><strong><em>οὐκ</em></strong></span> <span class='ocrx_word' id='word_1_62' title='bbox 1119 982 1183 1047; x_wconf 88' lang='grc' dir='ltr'><strong><em>ἀπὸ</em></strong></span> 
     </span>
     <span class='ocr_line' id='line_1_9' title="bbox 173 1084 1179 1174; baseline -0.003 -20"><span class='ocrx_word' id='word_1_63' title='bbox 173 1089 388 1173; x_wconf 88' lang='grc' dir='ltr'><strong><em>ταύτομάτου,</em></strong></span> <span class='ocrx_word' id='word_1_64' title='bbox 407 1087 478 1155; x_wconf 90' lang='grc' dir='ltr'><strong><em>ἀλλ’</em></strong></span> <span class='ocrx_word' id='word_1_65' title='bbox 496 1088 729 1173; x_wconf 76' lang='grc' dir='ltr'><strong><em>ἐπιβουλεύων</em></strong></span> <span class='ocrx_word' id='word_1_66' title='bbox 748 1089 831 1174; x_wconf 91' lang='grc' dir='ltr'><strong><em>ἐμοί,</em></strong></span> <span class='ocrx_word' id='word_1_67' title='bbox 849 1090 936 1165; x_wconf 85' lang='grc' dir='ltr'><strong><em>ὅπως</em></strong></span> <span class='ocrx_word' id='word_1_68' title='bbox 953 1088 997 1164; x_wconf 81' lang='grc' dir='ltr'><strong><em>ὡς</em></strong></span> <span class='ocrx_word' id='word_1_69' title='bbox 1012 1084 1179 1166; x_wconf 76' lang='grc' dir='ltr'><strong><em>ὀψιαίταθ’</em></strong></span> 
     </span>
     <span class='ocr_line' id='line_1_10' title="bbox 174 1179 1184 1282; baseline -0.002 -23"><span class='ocrx_word' id='word_1_70' title='bbox 174 1195 194 1278; x_wconf 91' lang='grc' dir='ltr'><strong><em>ἡ</em></strong></span> <span class='ocrx_word' id='word_1_71' title='bbox 225 1197 418 1279; x_wconf 78' lang='grc' dir='ltr'><strong><em>διαψήφισις</em></strong></span> <span class='ocrx_word' id='word_1_72' title='bbox 449 1195 469 1278; x_wconf 91' lang='grc' dir='ltr'><strong><em>ἡ</em></strong></span> <span class='ocrx_word' id='word_1_73' title='bbox 509 1192 586 1282; x_wconf 81' lang='grc' dir='ltr'><strong><em>περὶ</em></strong></span> <span class='ocrx_word' id='word_1_74' title='bbox 615 1195 695 1279; x_wconf 91' lang='grc' dir='ltr'><strong><em>ἐμοῦ</em></strong></span> <span class='ocrx_word' id='word_1_75' title='bbox 724 1194 869 1278; x_wconf 90' lang='grc' dir='ltr'><strong><em>γένοιτο·</em></strong></span> <span class='ocrx_word' id='word_1_76' title='bbox 904 1192 959 1259; x_wconf 83' lang='grc' dir='ltr'><strong><em>καί</em></strong></span> <span class='ocrx_word' id='word_1_77' title='bbox 989 1179 1184 1278; x_wconf 75' lang='grc' dir='ltr'><strong><em>διεπράξατο</em></strong></span> 
     </span>
     <span class='ocr_line' id='line_1_11' title="bbox 174 1297 1184 1385; baseline -0.001 -20"><span class='ocrx_word' id='word_1_78' title='bbox 174 1310 281 1366; x_wconf 88' lang='grc' dir='ltr'><strong><em>τοῦτο.</em></strong></span> <span class='ocrx_word' id='word_1_79' title='bbox 316 1298 459 1366; x_wconf 80' lang='grc' dir='ltr'><strong><em>καὶτῶν</em></strong></span> <span class='ocrx_word' id='word_1_80' title='bbox 482 1297 549 1384; x_wconf 70' lang='grc' dir='ltr'><strong><em>μὲν</em></strong></span> <span class='ocrx_word' id='word_1_81' title='bbox 573 1302 726 1385; x_wconf 84' lang='grc' dir='ltr'><strong><em>δημοτῶν</em></strong></span> <span class='ocrx_word' id='word_1_82' title='bbox 749 1301 785 1366; x_wconf 82' lang='grc' dir='ltr'><strong><em>ολ</em></strong></span> <span class='ocrx_word' id='word_1_83' title='bbox 805 1298 983 1384; x_wconf 79' lang='grc' dir='ltr'><strong><em>ὀμόσαντες</em></strong></span> <span class='ocrx_word' id='word_1_84' title='bbox 1001 1299 1184 1383; x_wconf 76' lang='grc' dir='ltr'><strong><em>ἐγενόμεθα</em></strong></span> 
     </span>
     <span class='ocr_line' id='line_1_12' title="bbox 173 1401 1184 1490; baseline -0.001 -20"><span class='ocrx_word' id='word_1_85' title='bbox 173 1416 261 1490; x_wconf 80' lang='grc' dir='ltr'><strong><em>τρεῖς</em></strong></span> <span class='ocrx_word' id='word_1_86' title='bbox 288 1403 342 1470; x_wconf 82' lang='grc' dir='ltr'><strong><em>καί</em></strong></span> <span class='ocrx_word' id='word_1_87' title='bbox 370 1403 610 1490; x_wconf 80' lang='grc' dir='ltr'><strong><em>ἑβδομήκοντα,</em></strong></span> <span class='ocrx_word' id='word_1_88' title='bbox 639 1405 817 1490; x_wconf 74' lang='grc' dir='ltr'><strong><em>ἠρξάμεθα</em></strong></span> <span class='ocrx_word' id='word_1_89' title='bbox 845 1401 881 1470; x_wconf 75' lang='grc' dir='ltr'><strong><em>δέ</em></strong></span> <span class='ocrx_word' id='word_1_90' title='bbox 907 1414 967 1471; x_wconf 92' lang='grc' dir='ltr'><strong><em>τοῦ</em></strong></span> <span class='ocrx_word' id='word_1_91' title='bbox 995 1406 1184 1490; x_wconf 77' lang='grc' dir='ltr'><strong><em>διαψηφίζε-</em></strong></span> 
     </span>
     <span class='ocr_line' id='line_1_13' title="bbox 176 1509 1181 1596; baseline 0.002 -22"><span class='ocrx_word' id='word_1_92' title='bbox 176 1517 257 1575; x_wconf 91' lang='grc' dir='ltr'><strong><em>σθαι</em></strong></span> <span class='ocrx_word' id='word_1_93' title='bbox 280 1512 388 1594; x_wconf 90' lang='grc' dir='ltr'><strong><em>δείλης</em></strong></span> <span class='ocrx_word' id='word_1_94' title='bbox 411 1510 522 1594; x_wconf 87' lang='grc' dir='ltr'><strong><em>ὀψίας,</em></strong></span> <span class='ocrx_word' id='word_1_95' title='bbox 545 1512 636 1576; x_wconf 82' lang='grc' dir='ltr'><strong><em>ὥστε</em></strong></span> <span class='ocrx_word' id='word_1_96' title='bbox 660 1509 798 1596; x_wconf 79' lang='grc' dir='ltr'><strong><em>συνέβη,</em></strong></span> <span class='ocrx_word' id='word_1_97' title='bbox 820 1511 917 1594; x_wconf 90' lang='grc' dir='ltr'><strong><em>ἡνίκα</em></strong></span> <span class='ocrx_word' id='word_1_98' title='bbox 939 1509 1063 1594; x_wconf 85' lang='grc' dir='ltr'><strong><em>τούμὸν</em></strong></span> <span class='ocrx_word' id='word_1_99' title='bbox 1087 1509 1181 1595; x_wconf 78' lang='grc' dir='ltr'><strong><em>ὄνομ’</em></strong></span> 
     </span>
     <span class='ocr_line' id='line_1_14' title="bbox 140 1612 1184 1702; baseline 0 -22"><span class='ocrx_word' id='word_1_100' title='bbox 140 1629 158 1678; x_wconf 84' lang='grc'><strong>8</strong></span> <span class='ocrx_word' id='word_1_101' title='bbox 178 1615 334 1700; x_wconf 82' lang='grc' dir='ltr'><strong><em>ἐκαλεῖτο,</em></strong></span> <span class='ocrx_word' id='word_1_102' title='bbox 353 1620 467 1693; x_wconf 79' lang='grc' dir='ltr'><strong><em>σκότος</em></strong></span> <span class='ocrx_word' id='word_1_103' title='bbox 485 1612 571 1681; x_wconf 82' lang='grc' dir='ltr'><strong><em>εἶναι</em></strong></span> <span class='ocrx_word' id='word_1_104' title='bbox 591 1618 669 1699; x_wconf 90' lang='grc' dir='ltr'><strong><em>ήδη·</em></strong></span> <span class='ocrx_word' id='word_1_105' title='bbox 691 1615 745 1682; x_wconf 83' lang='grc' dir='ltr'><strong><em>καί</em></strong></span> <span class='ocrx_word' id='word_1_106' title='bbox 763 1618 826 1702; x_wconf 85' lang='grc' dir='ltr'><strong><em>γάρ</em></strong></span> <span class='ocrx_word' id='word_1_107' title='bbox 844 1612 886 1700; x_wconf 90' lang='grc' dir='ltr'><strong><em>ἡν</em></strong></span> <span class='ocrx_word' id='word_1_108' title='bbox 904 1614 978 1702; x_wconf 83' lang='grc' dir='ltr'><strong><em>περί</em></strong></span> <span class='ocrx_word' id='word_1_109' title='bbox 998 1613 1184 1700; x_wconf 85' lang='grc' dir='ltr'><strong><em>ἑξηκοστόν,</em></strong></span> 
     </span>
     <span class='ocr_line' id='line_1_15' title="bbox 176 1720 1184 1809; baseline -0.002 -22"><span class='ocrx_word' id='word_1_110' title='bbox 176 1721 231 1788; x_wconf 82' lang='grc' dir='ltr'><strong><em>καὶ</em></strong></span> <span class='ocrx_word' id='word_1_111' title='bbox 253 1721 399 1807; x_wconf 78' lang='grc' dir='ltr'><strong><em>ἐκλήθην</em></strong></span> <span class='ocrx_word' id='word_1_112' title='bbox 420 1722 559 1798; x_wconf 79' lang='grc' dir='ltr'><strong><em>ὕστατος</em></strong></span> <span class='ocrx_word' id='word_1_113' title='bbox 582 1721 739 1787; x_wconf 84' lang='grc' dir='ltr'><strong><em>ἁπάντων</em></strong></span> <span class='ocrx_word' id='word_1_114' title='bbox 756 1733 823 1787; x_wconf 81' lang='grc' dir='ltr'><strong><em>τῶν</em></strong></span> <span class='ocrx_word' id='word_1_115' title='bbox 842 1720 878 1786; x_wconf 90' lang='grc' dir='ltr'><strong><em>ἐν</em></strong></span> <span class='ocrx_word' id='word_1_116' title='bbox 897 1720 1003 1806; x_wconf 85' lang='grc' dir='ltr'><strong><em>ἐκείνη</em></strong></span> <span class='ocrx_word' id='word_1_117' title='bbox 1023 1729 1061 1805; x_wconf 80' lang='grc' dir='ltr'><strong><em>πή</em></strong></span> <span class='ocrx_word' id='word_1_118' title='bbox 1078 1721 1184 1809; x_wconf 80' lang='grc' dir='ltr'><strong><em>ἡμέρη</em></strong></span> 
     </span>
     <span class='ocr_line' id='line_1_16' title="bbox 176 1823 1184 1912; baseline -0.002 -19"><span class='ocrx_word' id='word_1_119' title='bbox 176 1827 383 1912; x_wconf 85' lang='grc' dir='ltr'><strong><em>κληθέντων,</em></strong></span> <span class='ocrx_word' id='word_1_120' title='bbox 411 1828 508 1911; x_wconf 91' lang='grc' dir='ltr'><strong><em>ἡνίκα</em></strong></span> <span class='ocrx_word' id='word_1_121' title='bbox 543 1827 578 1892; x_wconf 87' lang='grc' dir='ltr'><strong><em>οί</em></strong></span> <span class='ocrx_word' id='word_1_122' title='bbox 604 1823 666 1910; x_wconf 71' lang='grc' dir='ltr'><strong><em>μέν</em></strong></span> <span class='ocrx_word' id='word_1_123' title='bbox 693 1828 909 1912; x_wconf 88' lang='grc' dir='ltr'><strong><em>πρεσβύτεροι</em></strong></span> <span class='ocrx_word' id='word_1_124' title='bbox 938 1837 1003 1891; x_wconf 84' lang='grc' dir='ltr'><strong><em>τῶν</em></strong></span> <span class='ocrx_word' id='word_1_125' title='bbox 1031 1828 1184 1910; x_wconf 81' lang='grc' dir='ltr'><strong><em>δημοτῶν</em></strong></span> 
     </span>
     <span class='ocr_line' id='line_1_17' title="bbox 178 1931 1184 2019; baseline -0.003 -20"><span class='ocrx_word' id='word_1_126' title='bbox 178 1934 428 2017; x_wconf 79' lang='grc' dir='ltr'><strong><em>ἀπεληλύθεσαν</em></strong></span> <span class='ocrx_word' id='word_1_127' title='bbox 455 1935 502 2009; x_wconf 83' lang='grc' dir='ltr'><strong><em>εἰς</em></strong></span> <span class='ocrx_word' id='word_1_128' title='bbox 532 1935 609 2009; x_wconf 83' lang='grc' dir='ltr'><strong><em>τοὺς</em></strong></span> <span class='ocrx_word' id='word_1_129' title='bbox 631 1931 767 2018; x_wconf 84' lang='grc' dir='ltr'><strong><em>ἀγρούς·</em></strong></span> <span class='ocrx_word' id='word_1_130' title='bbox 798 1942 856 1998; x_wconf 87' lang='grc' dir='ltr'><strong><em>τοῦ</em></strong></span> <span class='ocrx_word' id='word_1_131' title='bbox 879 1933 941 2019; x_wconf 86' lang='grc' dir='ltr'><strong><em>γάρ</em></strong></span> <span class='ocrx_word' id='word_1_132' title='bbox 964 1933 1071 2016; x_wconf 86' lang='grc' dir='ltr'><strong><em>δήμου</em></strong></span> <span class='ocrx_word' id='word_1_133' title='bbox 1093 1933 1184 2016; x_wconf 80' lang='grc' dir='ltr'><strong><em>ἡμίν,</em></strong></span> 
     </span>
     <span class='ocr_line' id='line_1_18' title="bbox 178 2034 1184 2125; baseline 0 -21"><span class='ocrx_word' id='word_1_134' title='bbox 178 2034 203 2103; x_wconf 83' lang='grc' dir='ltr'>ὦ</span> <span class='ocrx_word' id='word_1_135' title='bbox 233 2041 352 2125; x_wconf 78' lang='grc' dir='ltr'><strong><em>α’νδρες</em></strong></span> <span class='ocrx_word' id='word_1_136' title='bbox 378 2040 542 2121; x_wconf 88' lang='grc' dir='ltr'><strong><em>δικασταί,</em></strong></span> <span class='ocrx_word' id='word_1_137' title='bbox 571 2036 666 2102; x_wconf 88' lang='grc' dir='ltr'><strong><em>πέντε</em></strong></span> <span class='ocrx_word' id='word_1_138' title='bbox 696 2037 751 2102; x_wconf 86' lang='grc' dir='ltr'><strong><em>καὶ</em></strong></span> <span class='ocrx_word' id='word_1_139' title='bbox 777 2039 953 2123; x_wconf 86' lang='grc' dir='ltr'><strong><em>τριάκοντα</em></strong></span> <span class='ocrx_word' id='word_1_140' title='bbox 981 2039 1097 2103; x_wconf 89' lang='grc' dir='ltr'><strong><em>στάδια</em></strong></span> <span class='ocrx_word' id='word_1_141' title='bbox 1124 2048 1184 2104; x_wconf 87' lang='grc' dir='ltr'><strong><em>τοῦ</em></strong></span> 
     </span>
     <span class='ocr_line' id='line_1_19' title="bbox 177 2141 1184 2228; baseline -0.002 -18"><span class='ocrx_word' id='word_1_142' title='bbox 177 2146 298 2220; x_wconf 88' lang='grc' dir='ltr'><strong><em>ἀστεως</em></strong></span> <span class='ocrx_word' id='word_1_143' title='bbox 327 2141 504 2228; x_wconf 76' lang='grc' dir='ltr'><strong><em>ἀπέχοντος</em></strong></span> <span class='ocrx_word' id='word_1_144' title='bbox 532 2141 588 2208; x_wconf 83' lang='grc' dir='ltr'><strong><em>καί</em></strong></span> <span class='ocrx_word' id='word_1_145' title='bbox 619 2155 685 2208; x_wconf 84' lang='grc' dir='ltr'><strong><em>τῶν</em></strong></span> <span class='ocrx_word' id='word_1_146' title='bbox 714 2147 877 2209; x_wconf 88' lang='grc' dir='ltr'><strong><em>πλείστων</em></strong></span> <span class='ocrx_word' id='word_1_147' title='bbox 907 2143 976 2208; x_wconf 83' lang='grc' dir='ltr'><strong><em>ἐκεί</em></strong></span> <span class='ocrx_word' id='word_1_148' title='bbox 1001 2145 1184 2209; x_wconf 80' lang='grc' dir='ltr'><strong><em>οἰκούντων</em></strong></span> 
     </span>
     <span class='ocr_line' id='line_1_20' title="bbox 177 2245 1184 2334; baseline 0.001 -21"><span class='ocrx_word' id='word_1_149' title='bbox 177 2248 429 2334; x_wconf 79' lang='grc' dir='ltr'><strong><em>ἀπεληλύθεσαν</em></strong></span> <span class='ocrx_word' id='word_1_150' title='bbox 459 2249 494 2314; x_wconf 85' lang='grc' dir='ltr'><strong><em>οί</em></strong></span> <span class='ocrx_word' id='word_1_151' title='bbox 519 2251 655 2315; x_wconf 87' lang='grc' dir='ltr'><strong><em>πολλοί·</em></strong></span> <span class='ocrx_word' id='word_1_152' title='bbox 687 2249 722 2313; x_wconf 83' lang='grc' dir='ltr'><strong><em>ολ</em></strong></span> <span class='ocrx_word' id='word_1_153' title='bbox 749 2246 786 2314; x_wconf 74' lang='grc' dir='ltr'><strong><em>δὲ</em></strong></span> <span class='ocrx_word' id='word_1_154' title='bbox 812 2249 1003 2314; x_wconf 91' lang='grc' dir='ltr'><strong><em>κατάλοιποι</em></strong></span> <span class='ocrx_word' id='word_1_155' title='bbox 1030 2245 1115 2333; x_wconf 90' lang='grc' dir='ltr'><strong><em>ἡσαυ</em></strong></span> <span class='ocrx_word' id='word_1_156' title='bbox 1142 2249 1184 2314; x_wconf 88' lang='grc' dir='ltr'><strong><em>ού</em></strong></span> 
     </span>
     <span class='ocr_line' id='line_1_21' title="bbox 177 2350 1187 2439; baseline 0 -19"><span class='ocrx_word' id='word_1_157' title='bbox 177 2359 310 2432; x_wconf 89' lang='grc' dir='ltr'><strong><em>πλείους</em></strong></span> <span class='ocrx_word' id='word_1_158' title='bbox 337 2353 357 2437; x_wconf 89' lang='grc' dir='ltr'><strong><em>ἡ</em></strong></span> <span class='ocrx_word' id='word_1_159' title='bbox 380 2355 564 2439; x_wconf 91' lang='grc' dir='ltr'><strong><em>τριάκοντα.</em></strong></span> <span class='ocrx_word' id='word_1_160' title='bbox 613 2354 651 2419; x_wconf 88' lang='grc' dir='ltr'><strong><em>ἐν</em></strong></span> <span class='ocrx_word' id='word_1_161' title='bbox 674 2350 711 2419; x_wconf 77' lang='grc' dir='ltr'><strong><em>δέ</em></strong></span> <span class='ocrx_word' id='word_1_162' title='bbox 733 2356 860 2432; x_wconf 75' lang='grc' dir='ltr'><strong><em>τούτοις</em></strong></span> <span class='ocrx_word' id='word_1_163' title='bbox 882 2351 967 2438; x_wconf 87' lang='grc' dir='ltr'><strong><em>ἡσαν</em></strong></span> <span class='ocrx_word' id='word_1_164' title='bbox 991 2356 1130 2432; x_wconf 78' lang='grc' dir='ltr'><strong><em>ἅπαντες</em></strong></span> <span class='ocrx_word' id='word_1_165' title='bbox 1152 2355 1187 2420; x_wconf 80' lang='grc' dir='ltr'><strong><em>οί</em></strong></span> 
     </span>
     <span class='ocr_line' id='line_1_22' title="bbox 143 2457 1184 2549; baseline 0.004 -27"><span class='ocrx_word' id='word_1_166' title='bbox 143 2461 282 2549; x_wconf 79' lang='grc' dir='ltr'><strong><em>οτούτφ</em></strong></span> <span class='ocrx_word' id='word_1_167' title='bbox 318 2457 628 2544; x_wconf 83' lang='grc' dir='ltr'><strong><em>παρεσκευασμένοι.</em></strong></span> <span class='ocrx_word' id='word_1_168' title='bbox 684 2458 795 2543; x_wconf 90' lang='grc' dir='ltr'><strong><em>ἐπειδὴ</em></strong></span> <span class='ocrx_word' id='word_1_169' title='bbox 832 2459 861 2525; x_wconf 85' lang='grc' dir='ltr'><strong><em>δ’</em></strong></span> <span class='ocrx_word' id='word_1_170' title='bbox 899 2459 1022 2544; x_wconf 80' lang='grc' dir='ltr'><strong><em>ἐκλήθη</em></strong></span> <span class='ocrx_word' id='word_1_171' title='bbox 1058 2460 1184 2544; x_wconf 89' lang='grc' dir='ltr'><strong><em>ταύμὸν</em></strong></span> 
     </span>
     <span class='ocr_line' id='line_1_23' title="bbox 177 2561 1184 2651; baseline -0.001 -20"><span class='ocrx_word' id='word_1_172' title='bbox 177 2567 298 2649; x_wconf 80' lang='grc' dir='ltr'><strong><em>ὄνομα,</em></strong></span> <span class='ocrx_word' id='word_1_173' title='bbox 324 2563 535 2649; x_wconf 76' lang='grc' dir='ltr'><strong><em>ἀναπηδήσας</em></strong></span> <span class='ocrx_word' id='word_1_174' title='bbox 557 2561 658 2642; x_wconf 86' lang='grc' dir='ltr'><strong><em>οὗτος</em></strong></span> <span class='ocrx_word' id='word_1_175' title='bbox 681 2564 882 2649; x_wconf 82' lang='grc' dir='ltr'><strong><em>ἐβλασφήμει</em></strong></span> <span class='ocrx_word' id='word_1_176' title='bbox 905 2563 973 2630; x_wconf 88' lang='grc' dir='ltr'><strong><em>κατ’</em></strong></span> <span class='ocrx_word' id='word_1_177' title='bbox 1000 2566 1080 2650; x_wconf 84' lang='grc' dir='ltr'><strong><em>ἐμοῦ</em></strong></span> <span class='ocrx_word' id='word_1_178' title='bbox 1103 2569 1184 2651; x_wconf 83' lang='grc' dir='ltr'><strong><em>ταχύ</em></strong></span> 
     </span>
     <span class='ocr_line' id='line_1_24' title="bbox 176 2668 1184 2757; baseline -0.002 -21"><span class='ocrx_word' id='word_1_179' title='bbox 176 2669 358 2736; x_wconf 77' lang='grc' dir='ltr'><strong><em>καὶπολλὰ</em></strong></span> <span class='ocrx_word' id='word_1_180' title='bbox 380 2670 434 2735; x_wconf 81' lang='grc' dir='ltr'><strong><em>καί</em></strong></span> <span class='ocrx_word' id='word_1_181' title='bbox 456 2671 580 2756; x_wconf 85' lang='grc' dir='ltr'><strong><em>μεγάλη</em></strong></span> <span class='ocrx_word' id='word_1_182' title='bbox 601 2679 640 2755; x_wconf 75' lang='grc' dir='ltr'><strong><em>τῇ</em></strong></span> <span class='ocrx_word' id='word_1_183' title='bbox 663 2677 770 2754; x_wconf 81' lang='grc' dir='ltr'><strong><em>φωνή,</em></strong></span> <span class='ocrx_word' id='word_1_184' title='bbox 793 2670 908 2754; x_wconf 80' lang='grc' dir='ltr'><strong><em>ὥσπερ</em></strong></span> <span class='ocrx_word' id='word_1_185' title='bbox 932 2668 987 2734; x_wconf 83' lang='grc' dir='ltr'><strong><em>καί</em></strong></span> <span class='ocrx_word' id='word_1_186' title='bbox 1005 2681 1080 2754; x_wconf 87' lang='grc' dir='ltr'><strong><em>νῦν,</em></strong></span> <span class='ocrx_word' id='word_1_187' title='bbox 1103 2671 1184 2757; x_wconf 91' lang='grc' dir='ltr'><strong><em>μάρ-</em></strong></span> 
     </span>
     <span class='ocr_line' id='line_1_25' title="bbox 177 2770 1185 2862; baseline -0.002 -19"><span class='ocrx_word' id='word_1_188' title='bbox 177 2800 259 2861; x_wconf 92' lang='grc' dir='ltr'><strong><em>τυρα</em></strong></span> <span class='ocrx_word' id='word_1_189' title='bbox 286 2772 346 2860; x_wconf 74' lang='grc' dir='ltr'><strong><em>μὲν</em></strong></span> <span class='ocrx_word' id='word_1_190' title='bbox 375 2770 422 2842; x_wconf 83' lang='grc' dir='ltr'><strong><em>ὧν</em></strong></span> <span class='ocrx_word' id='word_1_191' title='bbox 446 2779 673 2862; x_wconf 82' lang='grc' dir='ltr'><strong><em>κατηγόρησεν</em></strong></span> <span class='ocrx_word' id='word_1_192' title='bbox 696 2773 818 2841; x_wconf 87' lang='grc' dir='ltr'><strong><em>οὐδένα</em></strong></span> <span class='ocrx_word' id='word_1_193' title='bbox 840 2778 1086 2862; x_wconf 76' lang='grc' dir='ltr'><strong><em>παρασχόμενος</em></strong></span> <span class='ocrx_word' id='word_1_194' title='bbox 1109 2777 1185 2842; x_wconf 88' lang='grc' dir='ltr'><strong><em>ούτε</em></strong></span> 
     </span>
     <span class='ocr_line' id='line_1_26' title="bbox 177 2882 1185 2966; baseline 0 -19"><span class='ocrx_word' id='word_1_195' title='bbox 177 2893 244 2947; x_wconf 83' lang='grc' dir='ltr'><strong><em>τῶν</em></strong></span> <span class='ocrx_word' id='word_1_196' title='bbox 268 2883 420 2966; x_wconf 79' lang='grc' dir='ltr'><strong><em>δημοτῶν</em></strong></span> <span class='ocrx_word' id='word_1_197' title='bbox 443 2882 519 2946; x_wconf 87' lang='grc' dir='ltr'><strong><em>ούτε</em></strong></span> <span class='ocrx_word' id='word_1_198' title='bbox 545 2891 612 2946; x_wconf 78' lang='grc' dir='ltr'><strong><em>τῶν</em></strong></span> <span class='ocrx_word' id='word_1_199' title='bbox 636 2882 747 2946; x_wconf 81' lang='grc' dir='ltr'><strong><em>ἄλλων</em></strong></span> <span class='ocrx_word' id='word_1_200' title='bbox 769 2885 929 2962; x_wconf 78' lang='grc' dir='ltr'><strong><em>πολιτῶν,</em></strong></span> <span class='ocrx_word' id='word_1_201' title='bbox 952 2883 1185 2965; x_wconf 87' lang='grc' dir='ltr'><strong><em>παρεκελεύετο</em></strong></span> 
     </span>
     <span class='ocr_line' id='line_1_27' title="bbox 126 2984 1185 3071; baseline 0.003 -23"><span class='ocrx_word' id='word_1_202' title='bbox 126 2984 216 3052; x_wconf 85' lang='grc' dir='ltr'><strong><em>10δέ</em></strong></span> <span class='ocrx_word' id='word_1_203' title='bbox 246 2999 314 3064; x_wconf 76' lang='grc' dir='ltr'><strong><em>τοῖς</em></strong></span> <span class='ocrx_word' id='word_1_204' title='bbox 345 2988 500 3070; x_wconf 88' lang='grc' dir='ltr'><strong><em>δημόταις</em></strong></span> <span class='ocrx_word' id='word_1_205' title='bbox 530 2985 807 3071; x_wconf 78' lang='grc' dir='ltr'><strong><em>ἀποψηφίζεσθαι.</em></strong></span> <span class='ocrx_word' id='word_1_206' title='bbox 853 2984 1023 3064; x_wconf 84' lang='grc' dir='ltr'><strong><em>ἀξιοῦντος</em></strong></span> <span class='ocrx_word' id='word_1_207' title='bbox 1053 2985 1093 3051; x_wconf 92' lang='grc' dir='ltr'><strong><em>δέ</em></strong></span> <span class='ocrx_word' id='word_1_208' title='bbox 1120 3010 1185 3070; x_wconf 94' lang='grc' dir='ltr'><strong><em>μου</em></strong></span> 
     </span>
     <span class='ocr_line' id='line_1_28' title="bbox 178 3090 1186 3178; baseline -0.001 -20"><span class='ocrx_word' id='word_1_209' title='bbox 178 3090 404 3176; x_wconf 87' lang='grc' dir='ltr'><strong><em>ἀναβαλέσθαι</em></strong></span> <span class='ocrx_word' id='word_1_210' title='bbox 432 3093 479 3169; x_wconf 82' lang='grc' dir='ltr'><strong><em>εἰς</em></strong></span> <span class='ocrx_word' id='word_1_211' title='bbox 505 3092 572 3175; x_wconf 90' lang='grc' dir='ltr'><strong><em>τὴν</em></strong></span> <span class='ocrx_word' id='word_1_212' title='bbox 599 3093 775 3178; x_wconf 87' lang='grc' dir='ltr'><strong><em>ὑστεραίαν</em></strong></span> <span class='ocrx_word' id='word_1_213' title='bbox 802 3091 857 3156; x_wconf 90' lang='grc' dir='ltr'><strong><em>διά</em></strong></span> <span class='ocrx_word' id='word_1_214' title='bbox 880 3114 913 3155; x_wconf 89' lang='grc' dir='ltr'><strong><em>τε</em></strong></span> <span class='ocrx_word' id='word_1_215' title='bbox 935 3093 996 3175; x_wconf 86' lang='grc' dir='ltr'><strong><em>τήν</em></strong></span> <span class='ocrx_word' id='word_1_216' title='bbox 1019 3093 1108 3177; x_wconf 81' lang='grc' dir='ltr'><strong><em>ὥραν</em></strong></span> <span class='ocrx_word' id='word_1_217' title='bbox 1130 3091 1186 3157; x_wconf 83' lang='grc' dir='ltr'><strong><em>καὶ</em></strong></span> 
     </span>
     <span class='ocr_line' id='line_1_29' title="bbox 178 3195 1186 3283; baseline -0.004 -17"><span class='ocrx_word' id='word_1_218' title='bbox 178 3202 215 3266; x_wconf 88' lang='grc' dir='ltr'><strong><em>τὸ</em></strong></span> <span class='ocrx_word' id='word_1_219' title='bbox 233 3195 358 3283; x_wconf 89' lang='grc' dir='ltr'><strong><em>μηδένα</em></strong></span> <span class='ocrx_word' id='word_1_220' title='bbox 377 3221 432 3283; x_wconf 93' lang='grc' dir='ltr'><strong><em>μοι</em></strong></span> <span class='ocrx_word' id='word_1_221' title='bbox 450 3209 605 3282; x_wconf 82' lang='grc' dir='ltr'><strong><em>παρεῖναι</em></strong></span> <span class='ocrx_word' id='word_1_222' title='bbox 624 3200 662 3263; x_wconf 93' lang='grc' dir='ltr'><strong><em>τό</em></strong></span> <span class='ocrx_word' id='word_1_223' title='bbox 680 3220 714 3262; x_wconf 92' lang='grc' dir='ltr'><strong><em>τε</em></strong></span> <span class='ocrx_word' id='word_1_224' title='bbox 728 3195 849 3283; x_wconf 82' lang='grc' dir='ltr'><strong><em>πρᾶγμ’</em></strong></span> <span class='ocrx_word' id='word_1_225' title='bbox 866 3198 961 3282; x_wconf 87' lang='grc' dir='ltr'><strong><em>άφνω</em></strong></span> <span class='ocrx_word' id='word_1_226' title='bbox 974 3213 1186 3282; x_wconf 89' lang='grc' dir='ltr'><strong><em>προσπεπτω-</em></strong></span> 
     </span>
     <span class='ocr_line' id='line_1_30' title="bbox 178 3297 1186 3392; baseline -0.003 -21"><span class='ocrx_word' id='word_1_227' title='bbox 178 3303 284 3389; x_wconf 86' lang='grc' dir='ltr'><strong><em>κέναι,</em></strong></span> <span class='ocrx_word' id='word_1_228' title='bbox 313 3306 369 3370; x_wconf 82' lang='grc' dir='ltr'><strong><em>λνα</em></strong></span> <span class='ocrx_word' id='word_1_229' title='bbox 396 3305 500 3392; x_wconf 78' lang='grc' dir='ltr'><strong><em>τούτῳ</em></strong></span> <span class='ocrx_word' id='word_1_230' title='bbox 527 3300 557 3368; x_wconf 93' lang='grc' dir='ltr'><strong><em>τ’</em></strong></span> <span class='ocrx_word' id='word_1_231' title='bbox 583 3301 715 3380; x_wconf 83' lang='grc' dir='ltr'><strong><em>ἐξουσία</em></strong></span> <span class='ocrx_word' id='word_1_232' title='bbox 745 3297 872 3387; x_wconf 89' lang='grc' dir='ltr'><strong><em>γένοιθ’</em></strong></span> <span class='ocrx_word' id='word_1_233' title='bbox 898 3302 1003 3368; x_wconf 84' lang='grc' dir='ltr'><strong><em>ὁπόσα</em></strong></span> <span class='ocrx_word' id='word_1_234' title='bbox 1030 3304 1186 3385; x_wconf 92' lang='grc' dir='ltr'><strong><em>βούλοιτο</em></strong></span> 
     </span>
     <span class='ocr_line' id='line_1_31' title="bbox 178 3405 1187 3496; baseline -0.004 -20"><span class='ocrx_word' id='word_1_235' title='bbox 178 3420 398 3496; x_wconf 79' lang='grc' dir='ltr'><strong><em>κατηγορῆσαι</em></strong></span> <span class='ocrx_word' id='word_1_236' title='bbox 420 3408 475 3474; x_wconf 82' lang='grc' dir='ltr'><strong><em>καί</em></strong></span> <span class='ocrx_word' id='word_1_237' title='bbox 497 3409 667 3494; x_wconf 89' lang='grc' dir='ltr'><strong><em>μάρτυρας</em></strong></span> <span class='ocrx_word' id='word_1_238' title='bbox 690 3415 724 3475; x_wconf 82' lang='grc' dir='ltr'><strong><em>εί</em></strong></span> <span class='ocrx_word' id='word_1_239' title='bbox 743 3433 833 3487; x_wconf 91' lang='grc' dir='ltr'><strong><em>τινας</em></strong></span> <span class='ocrx_word' id='word_1_240' title='bbox 856 3412 924 3495; x_wconf 87' lang='grc' dir='ltr'><strong><em>ἐχοι</em></strong></span> <span class='ocrx_word' id='word_1_241' title='bbox 947 3405 1187 3493; x_wconf 84' lang='grc' dir='ltr'><strong><em>παρασχέσθαι,</em></strong></span> 
     </span>
     <span class='ocr_line' id='line_1_32' title="bbox 180 3511 1186 3599; baseline -0.001 -18"><span class='ocrx_word' id='word_1_242' title='bbox 180 3515 255 3599; x_wconf 89' lang='grc' dir='ltr'><strong><em>ἐμοί</em></strong></span> <span class='ocrx_word' id='word_1_243' title='bbox 278 3513 305 3580; x_wconf 94' lang='grc' dir='ltr'><strong><em>τ’</em></strong></span> <span class='ocrx_word' id='word_1_244' title='bbox 334 3511 488 3598; x_wconf 85' lang='grc' dir='ltr'><strong><em>ἐκγένοιτ’</em></strong></span> <span class='ocrx_word' id='word_1_245' title='bbox 511 3514 789 3598; x_wconf 88' lang='grc' dir='ltr'><strong><em>ἀπολογήσασθαι</em></strong></span> <span class='ocrx_word' id='word_1_246' title='bbox 812 3515 848 3581; x_wconf 90' lang='grc' dir='ltr'><strong><em>ἐν</em></strong></span> <span class='ocrx_word' id='word_1_247' title='bbox 871 3516 971 3580; x_wconf 81' lang='grc' dir='ltr'><strong><em>ἅπασι</em></strong></span> <span class='ocrx_word' id='word_1_248' title='bbox 993 3524 1063 3590; x_wconf 77' lang='grc' dir='ltr'><strong><em>τοῖς</em></strong></span> <span class='ocrx_word' id='word_1_249' title='bbox 1085 3515 1186 3598; x_wconf 92' lang='grc' dir='ltr'><strong><em>δημό-</em></strong></span> 
     </span>
    </p>
   </div>
   <div class='ocr_carea' id='block_1_3' title="bbox 0 0 1342 3988">
    <p class='ocr_par' dir='ltr' id='par_1_3' title="bbox 0 0 1342 3988">
     <span class='ocr_line' id='line_1_33' title="bbox 0 0 1342 3988; baseline 0 0"><span class='ocrx_word' id='word_1_250' title='bbox 0 0 1342 3988; x_wconf 95' lang='lat' dir='ltr'><strong><em> </em></strong></span> 
     </span>
    </p>
   </div>
  </div>
 </body>
</html>
