2670 3988
529 224 578 276 111.
598 223 780 280 ΞΕΝΟΦΩΝ.
1133 223 1153 285 9

152 385 307 464 βασιλεὺς
324 379 361 447 δὲ
378 379 448 446 κατ’
467 381 618 447 ἐνιαυτὸν
637 379 782 458 ἐξέτασιν
800 393 940 447 ποιεῖται
958 393 1024 447 τῶν
1038 389 1155 466 μισθο-

152 490 268 572 φόρων
285 488 340 553 καὶ
358 499 424 552 τῶν
443 489 563 570 ἄλλων,
587 479 637 563 οἷς
655 488 822 553 ὡπλίσθαι
840 484 1083 572 προστέτακται,
1100 484 1155 551 καὶ

152 594 275 670 πάντας
302 595 367 676 άμα
391 593 545 676 συνάγων
567 594 653 676 πλὴν
675 596 753 669 τοὺς
775 591 812 658 έν
834 604 905 669 ταῖς
927 591 1156 678 ἀκροπόλεσιν,

152 701 237 763 ἔνθα
255 700 296 781 δὴ
316 698 334 764 δ
353 700 514 782 σύλλογος
527 702 683 780 καλεῖται,
700 700 777 774 τοὺς
790 697 850 781 μὲν
865 695 950 782 άμφὶ
962 699 1023 780 τὴν
1037 695 1156 763 ἑαυτοῦ

153 809 283 888 οἴκησιν
306 804 403 880 αὐτὸς
426 802 546 889 ἐφορᾷ,
568 805 646 878 τοὺς
668 799 705 867 δὲ
727 806 839 888 πρόσω
865 802 1083 880 ἀπαιτοῦντας
1104 824 1155 867 ιιι-

153 912 251 985 σταὺς
268 907 385 992 πέμπει
405 908 605 974 ἐπισκοπεῖν·
624 905 678 973 καὶ
698 912 732 973 οἳ
750 904 810 992 μὲν
830 907 872 973 άν
889 912 1073 993 φαίνωνται
1089 919 1155 972 τῶν
1173 923 1191 972 4

154 1014 375 1099 φρουράρχων
394 1010 448 1077 καὶ
466 1024 533 1078 τῶν
550 1013 729 1098 χιλιάρχων
749 1010 804 1077 καὶ
821 1023 888 1077 τῶν
906 1025 1079 1097 σατραπῶν
1096 1014 1156 1079 τὸν

153 1119 299 1204 ἀριθμὸν
312 1121 371 1184 τὸν
385 1117 581 1202 τεταγμένον
593 1121 739 1184 έκπλεων
748 1121 880 1203 ἔχοντες
892 1115 948 1182 καὶ
956 1119 1092 1194 τούτους
1101 1119 1156 1184 δο-

155 1229 264 1307 κίμοις
281 1224 391 1299 ἵπποις
406 1247 440 1288 τε
454 1221 508 1288 καὶ
522 1223 636 1299 ὅπλοις
648 1222 970 1307 κατεσκευασμένους
981 1221 1157 1307 παρέχωσι,

152 1330 290 1404 τούτους
311 1325 372 1412 μὲν
395 1327 538 1405 καὶτοῖς
558 1339 665 1412 τιμαῖς
684 1329 774 1408 αύξει
794 1327 849 1394 καὶ
868 1330 988 1414 δώροις
1005 1329 1157 1412 μεγάλοις

152 1427 409 1516 καταπλουτλζει,
428 1434 485 1510 οὓς
504 1431 534 1498 δ’
552 1432 595 1499 δν
613 1434 693 1519 εύρη
711 1433 731 1517 ἢ
751 1439 1015 1518 καταμελοῦντας
1027 1432 1048 1516 ἢ
1061 1457 1156 1497 κατα-

155 1540 399 1625 κερδαίνοντας,
422 1540 560 1616 τούτους
581 1545 727 1625 χαλεπῶς
749 1539 877 1618 κολάζει
896 1538 950 1604 καὶ
967 1540 1083 1604 παύων
1100 1548 1156 1623 της

153 1643 254 1729 ἀρχῆς
267 1645 389 1719 άλλους
403 1642 595 1727 ἐπιμελητάς
607 1649 790 1727 καθίστησι.
815 1655 881 1708 τῶν
895 1639 955 1726 μὲν
970 1644 1011 1725 δὴ
1025 1649 1156 1727 πολεμι
1174 1661 1190 1708 5

88 1775 90 1781 ⁸
152 1761 221 1815 κῶν
235 1752 342 1834 ἔργων
359 1758 462 1815 ταῦτα
479 1760 585 1814 ποιῶν
604 1751 697 1814 δοκεῖ
706 1749 786 1831 ἡμῖν
800 1747 1036 1833 ἀναμφιλόγως
1049 1747 1156 1832 έπιμε-

153 1861 293 1920 λεῖσθαι.
322 1857 368 1918 ἔτι
386 1851 422 1918 δὲ
438 1854 564 1937 ὁπόσην
578 1850 639 1937 μὲν
651 1863 708 1937 της
721 1855 828 1938 χώρας
842 1855 1027 1919 διελαύνων
1042 1853 1158 1941 ἐφορᾷ,

153 1960 251 2036 αὐτὸς
263 1959 318 2024 καὶ
332 1959 508 2043 δοκιμάζει,
527 1960 651 2042 ὁπόσην
666 1954 703 2023 δὲ
717 1960 761 2042 μὴ
776 1959 874 2035 αὐτὸς
888 1958 1002 2045 ἐφορᾷ,
1020 1958 1156 2043 πέμπων

154 2067 290 2140 πιστοὺς
313 2063 542 2130 έπισκοπεϊται.
577 2063 632 2130 καὶ
655 2064 713 2140 οὓς
735 2060 796 2148 μέν
814 2064 856 2130 δν
876 2064 1074 2148 αἰσθάνηται
1092 2077 1191 2130 τῶνε

131 2162 134 2172 ’
154 2170 323 2255 ἀρχόντων
351 2168 614 2253 συνοικουμένην
640 2193 675 2234 τε
699 2171 760 2253 τὴν
782 2172 893 2255 χώραν
915 2168 1157 2256 παρεχομένους

153 2272 209 2340 καὶ
233 2274 368 2360 ἐνεργὸν
390 2270 495 2340 οὖσαν
517 2276 578 2357 τὴν
600 2283 663 2358 γῆν
685 2272 739 2339 καὶ
762 2277 870 2360 πληρη
890 2274 1039 2359 δένδρων
1057 2297 1091 2339 τε
1110 2269 1158 2338 ὧν

156 2378 273 2463 ἑκάστη
296 2378 390 2465 φέρει
407 2382 462 2444 καὶ
479 2391 626 2463 καρπῶν,
647 2382 776 2456 τούτοις
794 2376 854 2464 μὲν
874 2382 984 2465 χώραν
1001 2403 1036 2444 τε
1055 2381 1158 2462 άλλην

153 2490 353 2572 προστίθησι
374 2483 429 2549 καὶ
453 2485 572 2568 δώροις
594 2497 712 2567 κοσμεῖ
731 2483 787 2550 καὶ
809 2485 921 2570 ἕδραις
942 2484 1085 2569 έντίμοις
1106 2505 1158 2568 γε-

154 2595 276 2677 ραίρει,
304 2581 353 2666 οἷς
375 2587 405 2655 δ’
428 2588 470 2654 δν
493 2590 555 2678 δρᾷ
578 2589 682 2676 άργόν
704 2613 737 2654 τε
761 2592 822 2673 τὴν
844 2593 955 2677 χώραν
977 2585 1082 2656 οὖσαν
1104 2588 1158 2654 καὶ

155 2696 410 2781 όλιγάνδρωπον
431 2695 451 2778 ἢ
471 2695 528 2760 διδ
544 2697 746 2780 χαλεπότητα
764 2694 785 2778 ἢ
803 2692 846 2760 δι’
864 2695 963 2778 ύβριν
981 2694 1002 2778 ἣ
1021 2691 1065 2759 δι’
1083 2692 1158 2778 ἀμέ-

155 2805 263 2884 λειαν,
289 2802 427 2877 τούτους
453 2796 491 2865 δὲ
515 2801 663 2878 κολάζων
685 2799 742 2866 καὶ
763 2801 879 2865 παύων
900 2809 957 2883 της
979 2799 1079 2885 ἀρχῆς
1101 2801 1158 2886 άρ-

155 2928 274 2990 χοντας
291 2905 412 2982 ἄλλους
429 2910 613 2989 καθίστησι.
645 2915 746 2970 ταῦτα
761 2916 868 2971 ποιῶν
883 2907 975 2970 δοκεῖ
987 2903 1046 2990 ούχ
1060 2901 1158 2989 ἦττον
1177 2922 1192 2970 ἰ

89 3026 94 3038 ‘
156 3009 391 3094 ἐπιμελεῖσθαι,
414 3010 502 3088 ὅπως
524 3011 544 3094 ἡ
563 3019 603 3094 γῆ
623 3009 757 3094 ἐνεργὸς
775 3012 866 3076 ἔσται
884 3011 949 3076 ὑπὸ
967 3021 1034 3076 τῶν
1051 3035 1158 3076 κατοι-

154 3116 317 3198 κούντων,
340 3113 360 3197 ἢ
383 3114 471 3191 ὅπως
488 3109 526 3180 εὖ
545 3113 722 3199 φυλάξεται
741 3115 806 3180 ὑπὸ
824 3125 890 3180 τῶν
907 3117 1158 3200 φρουρούντων,

154 3219 210 3286 καὶ
228 3219 292 3287 εἰσὶ
312 3217 341 3284 δ’
355 3219 442 3308 αύτῷ
463 3221 499 3285 ολ
510 3221 665 3306 ἄρχοντες
679 3219 925 3303 διατεταγμένοι
939 3217 991 3306 ἐφ’
1005 3218 1158 3307 ἑκάτερον

156 3328 216 3411 ούχ
240 3327 274 3392 οἱ
295 3325 406 3409 αύτοί,
434 3322 504 3390 ἀλλ’
529 3326 563 3390 ολ
583 3321 644 3410 μὲν
667 3327 806 3411 άρχουσι
828 3336 894 3390 τῶν
915 3328 1158 3392 κατοικούντων

155 3455 189 3497 τε
208 3430 262 3497 καὶ
281 3443 347 3497 τῶν
364 3430 510 3516 έργατῶν
529 3429 584 3495 καὶ
603 3432 748 3515 δασμούς
767 3429 802 3495 έκ
817 3431 943 3496 τούτων
958 3429 1158 3514 έκλέγουσιν,

155 3538 190 3604 οἱ
216 3535 245 3602 δ’
273 3539 412 3623 άρχουσι
439 3548 504 3602 τῶν
531 3536 745 3620 ὡπλισμένων
768 3548 934 3622 φρουρῶν.
970 3535 1032 3601 κάν
1055 3533 1116 3621 μὲν
1139 3539 1192 3604 ὁ8

211 3653 361 3702 Florilegium
375 3652 486 3694 Gnaeum
499 3653 540 3693 VI.
981 3647 997 3696 2
