2670 3988
236 243 258 299 4
632 243 654 292 Ι.
673 240 831 291 ΠΛΑΤΩΝ.

235 400 367 461 ποικίλα
384 399 559 480 θεώμενοι,
577 402 753 479 καλλίστην
767 395 808 461 δν
822 395 938 462 πολλοὶ
952 396 1118 478 κρίνειαν.’
1155 393 1233 459 (Καὶ

200 499 338 585 4μάλ”,
361 504 431 586 ἔφη.
469 500 545 566 ‘Kal
565 505 631 567 ἔστι
650 525 699 585 γε,
721 498 746 566 ὦ
766 501 925 585 μακάριέ,
946 497 988 584 ἦν
1008 500 1037 566 δ’
1056 501 1130 584 ἐγώ,
1153 500 1231 565 ‘gm-

235 607 367 689 τηδειον
397 609 502 688 ζητεῖν
532 605 569 670 ἐν
597 607 678 690 τρίτη
706 589 893 698 πολιτείαν.’
944 604 1001 668 ‘Tc‘
1029 605 1100 688 δη;’
1147 603 1233 669 “’οτι

235 712 341 775 πάντα
364 710 443 794 γένη
465 716 639 776 πολιτειῶν
659 715 724 795 ἔχει
748 711 803 775 διδι
825 712 885 794 τὴν
908 709 1070 794 ἐξουσίαν,
1091 708 1146 774 καὶ
1163 735 1232 775 κιν-

236 817 369 880 δυνεύει
391 825 435 901 τῷ
458 814 650 902 βουλομένῳ
673 818 770 880 πόλιν
793 814 1051 898 κατασκευάζειν,
1074 814 1173 880 δνῦν
1191 817 1232 899 δὴ

236 920 328 1003 ἡμεῖς
350 920 537 1004 ἐποιοῦμεν,
560 919 739 1003 ἀναγκαῖον
757 915 841 984 εἶναι
860 922 907 994 είς
925 918 1233 1004 δημοκρατουμένην

237 1024 369 1090 ἐλθόντι
399 1029 513 1108 πόλιν,
543 1025 579 1101 ὃς
608 1024 650 1090 άν
680 1025 781 1090 αὐτὸν
808 1023 928 1111 άρέσκη
954 1027 1087 1110 τρόπος,
1116 1034 1233 1090 τοῦτον

236 1128 445 1214 έκλέξασθαι,
473 1131 582 1214 ὥσπερ
610 1133 655 1206 εἰς
680 1130 911 1204 παντοπώλιον
934 1128 1119 1218 ἀφικομένῳ
1142 1135 1233 1210 πολι-

236 1247 343 1316 τειῶν,
361 1233 415 1300 καὶ
435 1233 634 1324 ἐκλεξαμένῳ
654 1235 738 1300 ούτω
757 1234 968 1312 κατοικίζειν.’
1002 1233 1106 1310 Ἴσως
1123 1234 1233 1317 γοῦν’,

203 1343 311 1424 σέφη,
330 1340 401 1405 “ούκ
420 1339 462 1404 άν
480 1338 600 1422 ἀποροῖ
615 1338 907 1424 παραδειγμάτων.’
941 1339 1000 1405 ‘To
1019 1336 1056 1404 δέ
1073 1340 1234 1423 μηδεμίαν

237 1444 407 1527 άνάγκην’,
430 1439 535 1529 εἷπον,
558 1439 654 1508 (εἶναι
674 1445 786 1528 άρχειν
805 1443 840 1508 έν
858 1445 958 1529 ταύτη
976 1451 1014 1526 τῇ
1031 1448 1136 1527 πόλει,
1154 1441 1229 1527 μηδ’

196 1589 198 1596 ,
237 1548 279 1613 άν
296 1542 336 1633 ᾖς
355 1549 466 1624 ίκανὸς
484 1550 609 1633 άρχειν,
631 1546 714 1632 μηδὲ
732 1543 774 1613 αύ
792 1549 962 1633 άρχεσθαι,
981 1548 1039 1613 έάν
1057 1551 1100 1632 μὴ
1118 1551 1234 1634 βούλη,

238 1649 320 1737 μηδὲ
333 1659 488 1736 πολεμεῖν
502 1655 747 1737 πολεμούντων,
761 1651 842 1737 μηδὲ
854 1656 989 1738 είρηνην
998 1655 1090 1735 άγειν
1101 1663 1167 1718 τῶν
1178 1655 1233 1718 άλ-

237 1763 305 1824 λων
320 1758 480 1841 ἀγόντων,
498 1758 555 1823 ἐάν
569 1759 613 1842 μὴ
628 1758 791 1843 ἐπιθυμῇς
803 1760 945 1843 εἰρήνης,
959 1757 1034 1842 μηδ’
1048 1754 1102 1840 αὖ,
1116 1758 1173 1823 ἐάν
1185 1781 1235 1835 τις

238 1865 350 1947 άρχειν
373 1867 472 1946 νόμος
491 1879 528 1928 σε
547 1864 712 1947 διακωλύῃ
730 1863 750 1946 ἢ
770 1864 922 1946 δικάζειν,
944 1860 1047 1947 μηδὲν
1064 1858 1161 1946 ἧττον
1179 1861 1233 1927 καὶ

239 1969 351 2052 άρχειν
369 1965 424 2031 καὶ
438 1967 592 2050 δικάζειν,
611 1966 668 2032 ἐὰν
682 1967 769 2053 αύτῳ
785 1984 837 2033 σοι
852 1966 938 2053 ἐπίη,
955 1961 1007 2051 ἆρ’
1022 1966 1063 2032 ού
1075 1970 1233 2032 θεσπεσία

239 2073 283 2148 ὡς
300 2072 394 2154 ἡδεῖα
412 2069 432 2152 η
450 2071 583 2153 τοιαύτη
599 2071 744 2154 διαγωγὴ
759 2069 795 2134 έν
808 2079 852 2158 τῷ
867 2070 1073 2154 παραντίκα;’
1108 2069 1234 2155 “”Ισως’,

204 2179 317 2260 οέφη,
345 2176 396 2240 ξἐν
423 2197 459 2256 γε
487 2174 614 2262 τούτῳ]
660 2174 722 2238 ‘Tc‘
746 2172 797 2253 δέ;
833 2175 850 2258 ἡ
876 2178 1018 2259 πραότης
1044 2174 1142 2241 ἐνίων
1167 2189 1234 2242 τῶν

239 2279 464 2345 δικασθέντων
487 2279 527 2344 ού
550 2282 674 2362 κομψή;
698 2279 718 2362 ἢ
741 2281 832 2344 ούπω
856 2275 941 2356 εἶδες
962 2278 1000 2344 ἐν
1021 2282 1153 2367 τοιαύτη
1175 2303 1234 2347 πο-

238 2388 352 2472 λιτείᾳ,
373 2384 561 2468 ἀνθρώπων
579 2383 896 2468 καταψηφισθέντων
913 2384 1062 2449 θανάτου
1079 2383 1100 2467 ἢ
1118 2393 1235 2470 φυγῆς,

240 2486 339 2554 οὐδὲν
367 2484 464 2572 ἧττον
487 2488 595 2552 αὐτῶν
617 2492 785 2572 μενόντων
807 2512 841 2553 τε
864 2486 918 2553 καὶ
941 2487 1234 2573 ἀναστρεφομένων

239 2596 276 2662 ἐν
298 2593 397 2683 μέσῳ,
422 2590 476 2658 καὶ
500 2594 544 2669 ὡς
567 2594 642 2658 οὔτε
664 2596 895 2678 φροντίζοντος
917 2594 991 2658 οὔτε
1015 2595 1157 2678 ὁρῶντος
1179 2595 1235 2660 ού-

239 2701 334 2775 δενὸς
351 2709 537 2781 περινοστεῖ
553 2699 661 2782 ὥσπερ
679 2698 790 2780 ἥρως;’
829 2695 905 2763 ‘Kal
923 2700 1064 2774 πολλούς
1081 2695 1140 2782 γ”,
1163 2702 1235 2784 ἔφη.

205 2821 221 2870 '1
240 2801 298 2867 “H
317 2799 353 2868 δὲ
376 2802 551 2886 συγγνώμη
574 2801 628 2867 καλ
651 2801 721 2868 οὐδ’
745 2804 928 2868 ὁπωστιοῦν
947 2807 1159 2888 σμικρολογία
1178 2804 1235 2868 αύ-

238 2917 305 2992 της,
324 2907 405 2973 άλλδι
422 2908 662 2990 καταφρόνησις
676 2901 722 2971 ὧν
735 2907 828 2991 ἡμεῖς
841 2906 994 2991 ἐλέγομεν
1008 2909 1236 2993 σεμνύνοντες,

239 3013 292 3078 ὅτε
315 3013 376 3095 τὴν
397 3014 495 3076 πόλιν
518 3007 687 3098 ᾠκίζομεν,
710 3012 754 3088 ὡς
770 3014 802 3076 εί
818 3015 861 3095 μη
880 3036 929 3088 τις
946 3011 1237 3097 ὑπερβεβλημένην

239 3117 342 3201 φύσιν
360 3117 440 3200 ἔχοι,
459 3112 570 3181 οὔποτ’
588 3114 631 3180 άν
648 3114 777 3198 γένοιτο
795 3115 879 3200 ἀνὴρ
898 3115 1034 3199 ἀγαθός,
1051 3120 1082 3182 εί
1098 3119 1141 3201 μὴ
1161 3131 1237 3195 παῖς

240 3223 288 3286 ὢν
310 3221 414 3296 εὐθὺς
436 3223 543 3298 παίζοι
566 3220 602 3285 ἐν
625 3226 737 3296 καλοῖς
758 3219 812 3285 καὶ
835 3220 1020 3304 ἐπιτηδεύοι
1041 3223 1081 3286 τδι
1103 3233 1237 3288 τοιαῦτα

239 3326 360 3408 πάντα,
388 3326 431 3401 ὡς
453 3330 705 3409 μεγαλοπρεπῶς
726 3325 961 3409 καταπατησαά
988 3327 1114 3392 ἅπαντα
1135 3338 1238 3394 ταῦτα

241 3426 340 3496 οὐδὲν
363 3433 538 3515 φροντίζει,
563 3429 596 3507 ἐξ
619 3430 741 3494 ὁποίων
764 3431 806 3494 άν
827 3454 876 3507 τις
899 3430 1161 3515 ἐπιτηδευμάτων
1185 3431 1238 3498 ἐπὶ

240 3536 279 3600 τὰ
301 3535 451 3600 πολιτικδι
475 3536 534 3599 ίὼν
556 3534 690 3620 πράττη,
712 3533 794 3598 άλλδι
812 3542 900 3621 τιμᾷ,
922 3533 980 3599 ἐδιν
998 3545 1043 3620 φῇ
1063 3540 1166 3620 μόνον
1185 3537 1239 3604 εύ-
