2670 3988
541 251 577 306 11.
595 251 755 309 ΠΛΑΤΩΝ.
1127 251 1146 314 7

146 406 231 473 ’ἐπεί
253 432 303 475 τοι
330 407 385 474 καὶ
411 412 598 477 πιστότατοι
625 411 713 498 αύτῷ
742 407 838 478 οὗτοί
859 412 964 478 είσιν.’
1010 405 1072 475 ’Ἦ
1088 435 1148 495 μα-

146 510 287 598 κοίριον’,
308 510 350 597 ἦν
374 512 403 580 δ’
427 514 503 599 ἐγώ,
525 514 642 598 ελέγεις
662 513 828 602 τυράννου
851 526 970 603 χρῆμα,
992 519 1023 581 εί
1039 518 1147 583 τοιού-

146 641 214 694 τοις
240 622 350 704 φίλοις
376 644 411 685 τε
438 619 492 686 καὶ
515 632 641 698 πιστοῖς
664 621 803 706 ἀνδράσι
826 632 940 707 χρῆται
968 625 1045 699 τοὺς
1067 643 1147 706 προ-

147 722 260 809 τέρους
278 724 422 802 ἐκείνους
439 724 618 802 ἀπολέσας’
648 724 757 792 “Ἀλλδι
776 726 872 811 μήν’,
883 729 957 810 ἔφη,
975 727 1147 802 *τοιούτοις

147 853 183 912 γε
212 829 347 916 χρῆται]
396 829 474 895 ‘Kal
501 828 708 914 θαυμάζουσι
739 831 808 914 δύ’,
839 826 949 914 εἶπον,
981 826 1086 897 “οὗτοι
1115 833 1150 896 οί

148 931 270 1016 ἑταῖροι
307 935 407 1001 αὐτὸν
439 934 493 1001 καὶ
526 935 671 1014 ξύνεισιν
703 937 736 1002 οί
766 933 837 1002 νέοι
867 941 996 1002 πολῖται
1003 986 1013 1021 ,
1049 938 1083 1003 οί
1113 933 1143 1001 δ’

148 1040 297 1116 ἐπιεικεῖς
323 1043 461 1124 μισοῦσί
483 1064 518 1105 τε
543 1041 598 1106 καὶ
620 1040 829 1126 φεύγουσιν;’
875 1041 932 1106 ‘Te‘
952 1038 983 1107 δ’
1010 1042 1051 1107 ού
1073 1041 1147 1126 μέλ-

149 1146 292 1225 λουσιν;’
941 1159 943 1166 “

175 1281 306 1352 Sequitur
323 1281 430 1338 ironice
447 1284 510 1338 leue
528 1285 688 1354 poetarum,
707 1283 811 1354 quippe
829 1283 878 1352 qui
895 1283 1121 1340 benevolentiam

402 1356 584 1422 tyrannorum
602 1354 657 1408 eibi
674 1370 774 1423 parere
793 1353 890 1409 scient.

216 1458 325 1526 εἈλλδι
344 1461 409 1546 δύ’,
430 1457 534 1545 εἶπον,
558 1462 715 1528 ’ἐνταῦθα
733 1459 794 1547 μέν
813 1461 980 1548 ἐξέβημεν·
1003 1462 1147 1546 λέγομεν
1166 1479 1183 1528 8

150 1563 186 1632 δὲ
208 1567 307 1632 πάλιν
330 1565 436 1633 έκεῖνο
459 1569 495 1634 τὸ
518 1577 578 1634 τοῦ
600 1567 765 1652 τυροίννου
789 1570 1010 1655 στρατόπεδον
1032 1569 1068 1634 τὸ
1092 1593 1148 1633 κα-

150 1676 209 1738 λόν
235 1696 269 1737 τε
297 1669 351 1737 καὶ
378 1676 463 1738 πολὺ
491 1670 544 1738 καὶ
571 1676 722 1738 ποικίλον
751 1671 806 1738 καὶ
833 1672 990 1740 οὐδέποτε
1017 1672 1149 1757 ταύτόν,

149 1776 256 1843 πόθεν
272 1777 451 1860 θρέψεται.’
489 1779 638 1863 “Δηλον’,
661 1781 735 1864 ἔφη,
758 1779 831 1864 ’ὅτι,
852 1780 910 1846 εὀίν
929 1803 962 1845 τε
983 1779 1053 1864 ίερδ
1071 1780 1148 1865 χρη-

150 1907 233 1967 ματα
255 1875 277 1968 ᾗ
299 1883 335 1948 ἐν
352 1892 391 1968 τῇ
408 1887 513 1967 πόλει,
535 1894 636 1949 ταῦτα
655 1883 827 1968 ἀναλώσει,
850 1885 925 1950 ὅποι
942 1881 1021 1950 ποτὲ
1039 1883 1080 1949 δν
1099 1881 1149 1949 ἀεὶ

151 1988 288 2074 ἐξαρκῇ)
314 1988 373 2054 ’Τί
384 1987 429 2073 δ’,
444 1980 578 2074 ὅτανδη
594 1999 695 2056 ταῦτα
709 1989 883 2077 έπιλείπη;’
908 1989 1057 2073 ‘Am-011⁹,
1076 1993 1150 2074 ἔφη,

152 2093 213 2157 εὅτι
240 2092 276 2158 ἐκ
302 2103 368 2158 τῶν
395 2090 556 2182 πατρῴου
581 2093 738 2180 θρέψεται
761 2096 857 2172 αὐτός
879 2118 914 2160 τε
936 2093 990 2160 καὶ
1014 2095 1048 2160 οί
1069 2111 1150 2179 συμ-

151 2201 246 2264 πόται
268 2221 301 2263 τε
324 2197 378 2264 καὶ
402 2197 524 2284 ἑταῖροι
547 2197 601 2265 καὶ
625 2198 770 2284 ἑταίραι.’
815 2200 1026 2283 ’Μανθύνιοᾌ
1049 2196 1091 2284 ἦν
1115 2196 1144 2264 δ’

152 2303 228 2386 ἐγώ·
257 2301 323 2369 ‘en
351 2303 369 2371 δ
397 2306 500 2388 δῆμος
525 2304 544 2370 ὁ
571 2307 731 2388 γεννήσας
758 2307 816 2371 τὸν
842 2306 1007 2390 τύραννον
1031 2303 1150 2389 θρέψει

152 2408 253 2474 αὐτόν
277 2432 311 2474 τε
334 2407 388 2475 καὶ
407 2408 576 2495 ἑταίρους.’
613 2411 740 2493 (Πολλὴ
760 2410 870 2498 αὐτῷ’,
894 2413 968 2495 ἔφη,
992 2407 1149 2494 “ἆυύγκη.’

153 2513 243 2590 Ἥῶς
265 2510 301 2578 δὲ
325 2513 455 2596 λέγεις;’
483 2511 590 2580 εἶπον·
619 2513 688 2579 ‘eece
712 2515 874 2601 ἀγανακτῇ
896 2539 931 2580 τε
953 2512 1007 2602 καὶ
1031 2514 1108 2600 λέγῃ
1131 2515 1187 2582 δυ

153 2621 268 2702 δῆμος,
298 2618 347 2684 ὅτι
375 2619 449 2684 οὔτε
478 2620 608 2686 δίκαιον
635 2617 815 2705 τρέφεσθαι
841 2621 906 2687 ὑπὸ
932 2620 1054 2704 πατρὸς
1074 2620 1151 2686 υίὸν

152 2723 292 2806 ἡβῶντα,
315 2721 397 2787 ἀλλὰ
419 2723 614 2790 τούναντίον
637 2725 701 2790 ὑπὸ
721 2723 810 2801 υίέος
826 2722 960 2811 πατέρα,
983 2725 1057 2790 οὔτε
1075 2726 1149 2790 τού-

152 2850 211 2891 του
226 2826 326 2892 αὐτὸν
339 2826 434 2893 ἕνεκα
449 2827 606 2912 ε’γέννησέ
615 2853 649 2894 τε
663 2827 717 2895 καὶ
731 2828 937 2913 κατέστησεν,
955 2831 1021 2914 ἵνα,
1040 2829 1150 2914 ἐπειδὴ

153 2929 252 3014 μέγας
269 2928 410 3015 γένοιτο,
428 2935 499 2998 τότε
517 2933 615 3009 αὐτὸς
633 2934 802 2999 δουλεύων
820 2945 889 3011 τοῖς
902 2935 1005 3000 αὑτοῦ
1019 2936 1152 3013 δούλοις

152 3034 266 3120 τρέφοι
294 3033 421 3102 ἐκεῖνόν
447 3061 481 3102 τε
508 3035 561 3102 καὶ
588 3041 665 3113 τοὺς
692 3039 832 3116 δούλους
858 3040 937 3123 μετὰ
960 3038 1151 3122 ξυγκλύδων

153 3143 275 3225 ἄλλων,
293 3138 365 3206 ἀλλ’
386 3142 440 3206 ἵνα
460 3141 522 3207 ἀπὸ
540 3154 607 3208 τῶν
625 3146 793 3209 πλουσίοιν
811 3169 845 3210 τε
863 3142 918 3209 καὶ
930 3149 1039 3209 καλῶν
1053 3144 1150 3228 κάγα-

152 3253 226 3312 θῶν
245 3244 432 3329 λεγομένου
451 3245 487 3311 ἐν
505 3255 543 3332 τῇ
562 3250 655 3312 πόλει
676 3247 916 3335 ἐλευθερωθείη
932 3247 1058 3314 ἐκείνου
1071 3272 1151 3335 προ-

154 3352 301 3434 στάντος,
322 3348 376 3415 καὶ
398 3359 462 3416 νῦν
484 3352 600 3437 κελεύη
624 3351 753 3418 ἀπιέναι
776 3352 812 3418 ἐκ
834 3363 891 3437 τῆς
907 3357 1031 3430 πόλεως
1050 3354 1151 3420 αὐτόν

152 3479 187 3521 τε
206 3456 259 3521 καὶ
277 3458 354 3533 τοὺς
372 3453 531 3541 ἑταίρους,
554 3458 662 3544 ὥσπερ
681 3461 786 3543 πατὴρ
804 3460 879 3525 υίὸυ
898 3459 930 3538 ἐξ
950 3461 1053 3536 οίκίας
1071 3462 1150 3544 μετὰ

154 3562 302 3649 ὀχληρῶν
321 3561 492 3646 ξυμποτῶν
506 3561 716 3642 έξελαύνωυ;’
746 3563 927 3630 εΓνῶσεταί
938 3589 986 3648 γε,
1004 3567 1045 3649 νὴ
1061 3565 1152 3649 Δία’,
1171 3583 1204 3634 10
