2670 3988
176 195 216 258 18
492 197 551 249 ιιι,
571 191 858 272 [nnnoznnnnn]

174 355 221 429 είς
252 355 407 419 δουλείαν
439 352 629 438 μετέπεσεν·
667 353 833 438 συνετάφη
864 353 925 437 γάρ
955 363 1024 429 τοῖς
1051 352 1178 416 τούτων

174 459 321 542 σώμασιν
345 458 365 541 ἡ
387 469 454 524 τῶν
477 460 586 523 ἀλλων
605 456 774 540 Ἑλλήνων
796 456 978 541 ἐλευθερία.
1019 456 1101 520 ὅθεν
1123 454 1178 520 καλ

173 566 318 648 φανερὸν
349 573 451 628 πᾶσιν
478 563 636 647 ἐποίησαν
664 564 726 628 οὐκ
749 564 819 649 ίδίηι
839 566 1074 645 πολεμοῦντες,
1103 560 1173 625 ἀλλ’

174 665 256 752 ὑπὲρ
288 678 401 751 κοινῆς
433 667 624 752 ἐλευθερίας
653 668 978 752 προκινδυνεύοντες.
1023 667 1121 748 ὥστε,
1151 661 1177 730 ὦ

174 774 307 858 ἀνδρες,
335 773 396 838 οὐκ
423 772 464 838 ἀν
487 775 705 857 αἰσχυνθείην
726 773 829 837 εἰπὼν
853 770 1016 856 στέφανον
1039 780 1096 854 της
1116 791 1177 836 πα-

139 892 154 938 6
174 878 285 962 τρίδος
306 873 392 942 εἶναι
414 877 473 954 τάς
496 877 630 942 ἐκείνων
648 877 763 960 ψυχάς.
799 875 853 941 καλ
871 875 914 941 δι’
934 875 955 940 ἀ
973 876 1034 941 οὐκ
1051 876 1178 958 ἀλόγως

174 980 381 1064 ἐπετήδευον,
405 980 593 1064 ἐπίστασθε,
616 976 844 1064 ὦἈθηναίοι,
866 984 962 1064 μόνοι
985 991 1050 1045 τῶν
1064 978 1177 1062 Ἕλλη·

172 1110 243 1150 ναν
271 1089 348 1162 τοὺς
377 1084 526 1168 ἀγαθοὺς
554 1087 678 1170 ἀνδρας
706 1096 819 1170 τιμᾶν·
849 1086 1002 1171 εὑρήσετε
1030 1082 1067 1149 δὲ
1088 1086 1176 1171 παρά

173 1187 234 1275 μὲν
256 1202 324 1267 τοῖς
342 1193 455 1267 ἀλλοις
472 1191 509 1256 ἐν
525 1203 596 1267 ταῖς
615 1191 749 1276 ἀγοραῖς
768 1190 914 1274 ἀθλητὰς
932 1189 1177 1274 ἀνακειμένους,

173 1294 248 1381 παρ’
271 1297 351 1379 ὑμῖν
374 1291 412 1360 δὲ
430 1299 630 1381 στρατηγοὺς
648 1295 797 1378 ἀγαθοὺς
814 1294 869 1360 καὶ
887 1299 964 1370 τοὺς
981 1297 1039 1360 τὸν
1057 1296 1176 1380 τύραν-

173 1425 234 1466 νον
257 1399 517 1477 ἀποκτείναντας.
556 1400 611 1465 καί
633 1401 805 1477 τοιούτους
826 1397 887 1485 μὲν
906 1401 1029 1486 ἀνδρας
1046 1397 1118 1466 οὐδ’
1142 1399 1177 1479 ἐξ

174 1505 299 1590 ἀπάσης
325 1514 382 1588 τῆς
399 1505 556 1581 Ἑλλάδος
584 1505 716 1588 ὀλίγους
743 1506 854 1590 εὑρεῖν
877 1503 1010 1591 ῥᾴδιον,
1039 1509 1116 1582 τοὺς
1139 1502 1176 1570 δὲ

174 1614 251 1686 τοὺς
278 1614 472 1694 στεφανίτας
499 1609 628 1692 ἀγῶνας
653 1614 865 1694 νενικηκότας
892 1611 1032 1687 εὐπετῶς
1055 1616 1176 1677 πολλα-

174 1719 276 1801 χόθεν
299 1718 367 1782 ἔστι
389 1718 564 1798 γεγονότας
587 1716 679 1780 ίδεῖν.

173 2031 247 2095 VII.
276 2030 523 2096 Atheniensium
546 2031 584 2094 de
608 2029 738 2094 civitate
760 2031 938 2117 peregrinis
960 2031 1065 2096 danda
1085 2031 1175 2116 leges

282 2128 403 2212 insigni
426 2125 666 2190 Plataeensium
690 2129 835 2211 exemplo
857 2127 1069 2192 illustrantur.

245 2273 358 2345 ([Dem]
374 2271 436 2325 LIX
450 2277 580 2326 88-106.
600 2276 615 2336 5
630 2278 645 2326 2
659 2269 745 2352 γέρρα
758 2274 824 2324 suni
838 2273 928 2326 crates
930 2272 1052 2340 ‚quibus
1066 2271 1175 2328 comitii

174 2343 267 2397 aditus
280 2341 434 2412 peregrinis
448 2340 657 2407 intercluditur;
675 2341 760 2396 misso
775 2341 879 2411 populo
892 2346 1078 2413 temoveniur,
1093 2345 1174 2398 ἀναν

175 2427 270 2484 ρεῑται.
271 2423 282 2488 )

141 2576 152 2622 1
234 2554 270 2619 Ὁ
299 2557 400 2639 δῆμος
427 2552 652 2638 δἈθηυαίαν
679 2556 877 2639 κυριώτατος
904 2555 951 2620 ὢν
977 2566 1043 2621 τῶν
1071 2555 1107 2620 ἐν
1134 2565 1173 2641 τῇ

172 2665 266 2727 πόλει
284 2659 449 2741 ἀπόντων,
467 2658 522 2724 καὶ
541 2658 615 2737 ἐξὸν
634 2658 721 2745 αὐτῷ
741 2670 847 2723 ποιεῖν
866 2659 884 2723 ὅ
902 2683 934 2724 τι
948 2659 991 2724 ἀν
1004 2662 1173 2744 βούληται,

173 2768 258 2833 οὕτω
281 2768 382 2830 καλὸν
405 2762 459 2829 καὶ
482 2766 603 2848 σεμνὸν
626 2754 760 2846 ἡγήσατ’
784 2760 868 2828 εἶναι
892 2766 1000 2848 δῶρον
1023 2768 1060 2831 τὸ
1074 2764 1172 2850 Ἀθη-

172 2884 267 2937 ναίον
294 2869 465 2954 γενέσθαι,
493 2870 574 2933 ὥστε
602 2873 725 2952 νόμους
753 2871 847 2934 ἔθετο
876 2869 980 2956 αὑτῷ,
1007 2868 1085 2935 καθ’
1115 2871 1173 2949 οὓς

171 2983 338 3041 ποιεῖσθαι
361 2976 428 3056 δεί,
451 2973 509 3039 ἐάν
531 2997 605 3039 τινα
627 2975 828 3058 βούλωνται,
850 2979 997 3058 πολίτην.
1041 2988 1172 3061 πρῶτον

172 3078 231 3166 μὲν
268 3080 330 3164 γάρ
365 3082 467 3162 νόμος
504 3077 570 3144 ἐστὶ
602 3088 646 3165 τςό
678 3080 770 3165 δήμῳ
797 3082 945 3162 κείμενος
976 3083 1020 3164 μὴ
1053 3079 1171 3158 ἐξεῖναι

169 3189 371 3269 ποιήσασθαι
391 3181 586 3267 Ἀθηναῖον,
614 3183 653 3248 ὃν
677 3184 718 3250 ἀν
741 3185 785 3267 μὴ
809 3179 852 3248 δι’
874 3184 1103 3269 ἀνδραγαθίαν
1126 3189 1173 3264 είς

170 3294 228 3357 τὸν
256 3293 362 3374 δῆμον
390 3292 448 3354 τὸν
467 3286 654 3372 Ἀθηναίων
682 3287 775 3366 ἀξιον
802 3283 823 3375 ᾖ
847 3289 1003 3372 γενέσθαι
1025 3296 1172 3376 πολίτην.

51 3469 57 3484 ι
171 3393 267 3462 ἔπειτ’
296 3394 428 3459 ἐπειδάν
457 3399 578 3478 πεισθῇ
602 3394 619 3459 ό
644 3395 745 3478 δῆμος
773 3392 828 3458 καλ
856 3397 903 3481 δῷ
931 3397 992 3479 τὴν
1019 3397 1172 3482 δωρειάν,

171 3501 232 3566 οὐκ
255 3500 292 3587 ἐᾷ
314 3502 432 3584 κυρίαν
455 3497 610 3580 γενέσθαι
630 3501 690 3582 τὴν
708 3504 851 3583 ποίησιν,
875 3499 932 3565 ἐὰν
951 3503 995 3585 μὴ
1014 3510 1051 3586 τῇ
1070 3506 1170 3592 ψηφμ
