2670 3988
510 210 556 261 VI.
574 209 806 290 ᾼΤΚΟΤΡΓΟΣ.
1117 207 1157 271 17

160 371 281 450 λωσαν,
300 365 337 431 ἐν
355 376 422 442 τοῖς
441 368 610 450 δημοσίοις
627 364 682 431 καὶ
699 379 823 444 κοινοῖς
841 365 944 450 ἀγῶσι
963 376 1019 451 τῆς
1036 370 1162 444 πόλεως

160 473 204 555 μή
226 477 430 555 παραλιπεῖν.
467 472 586 537 ἐκεῖνοι
608 473 672 557 γάρ
694 483 762 547 τοῖς
784 477 951 556 πολεμίοις
970 472 1160 555 ἀπήντησαν
1179 487 1195 535 2

161 574 213 640 ἐπὶ
240 587 309 652 τοῖς
336 577 439 660 ὁρίοις
465 585 521 659 της
543 580 703 653 Βοιωτίας
724 573 806 661 ὑπὲρ
829 586 886 660 τῆς
908 575 1160 660 τῶνἙλλήνων

159 680 350 765 ἐλευθερίας
372 683 582 767 μαχούμενοι,
605 681 666 747 οὐκ
688 681 740 747 ἐπὶ
762 694 831 758 τοῖς
852 685 971 767 τείχεσι
993 683 1050 758 τάς
1073 681 1161 747 ἐλπί·

161 787 221 862 δας
256 795 312 869 τῆς
348 790 508 870 σωτηρίας
546 789 673 872 ἔχοντες
709 783 788 852 οὐδὲ
823 789 882 870 τήν
915 789 1025 872 χώραν
1055 799 1161 862 κακῶς

160 902 269 956 ποιεῖν
295 890 470 975 προέμενοι
497 903 565 968 τοῖς
592 890 739 977 ἐχθροῖς,
766 890 848 956 ἀλλά
875 893 936 974 τήν
962 887 1023 976 μέν
1050 891 1160 956 αὑτῶν

161 994 319 1080 ἀνδρείαν
342 994 587 1080 ἀσφαλεστέραν
609 998 761 1080 φυλακήν
783 993 868 1061 εἶναι
891 1000 1077 1080 νομίζοντες
1095 1006 1160 1060 τῶν

163 1104 304 1188 λιθίνων
326 1104 522 1186 περιβόλων,
535 1099 604 1184 τήν
625 1097 662 1166 δέ
679 1101 853 1186 θρέψασαν
872 1102 991 1177 αὑτοὺς
1009 1103 1161 1186 αἰσχυνό-

162 1229 255 1289 μενοι
274 1215 431 1292 περιορᾶν
448 1205 695 1291 πορθουμένην,
714 1209 857 1282 εἰκότως·
876 1207 985 1287 ὥσπερ
1003 1207 1065 1292 γάρ
1079 1208 1161 1290 πρὸς
1179 1221 1195 1268 3

162 1315 239 1388 τοὺς
265 1312 364 1394 φύσει
386 1313 606 1394 γεννήσαντας
628 1309 682 1376 καὶ
704 1315 780 1388 τοὺς
802 1315 957 1394 ποιητοὺς
978 1322 1044 1376 τῶν
1065 1309 1161 1376 πατέ-

162 1440 232 1500 ρων
259 1416 319 1500 ούχ
342 1417 461 1498 δμοίως
483 1419 615 1501 ἔχουσιν
638 1417 777 1492 ἀπαντες
797 1427 867 1492 ταῖς
889 1416 1048 1498 εὐνοίαις,
1075 1416 1160 1480 οὕτω

162 1520 216 1586 καὶ
245 1523 327 1606 πρὸς
355 1521 412 1595 τάς
438 1521 544 1604 χώρας
570 1521 627 1596 τὰς
648 1522 693 1603 μή
716 1520 814 1603 φύσει
836 1520 1064 1604 προσηκούσας
1086 1515 1156 1585 ἀλλ’

162 1626 301 1710 ὕστερον
315 1623 503 1707 ἐπικτήτους
516 1622 695 1709 γενομένας
707 1623 961 1707 καταδεέστερον
972 1625 1160 1690 διάκεινται.

162 1731 327 1805 τοιαύταις
360 1724 397 1792 δέ
428 1730 572 1811 γνώμαις
603 1729 801 1814 χρησάμενοι
832 1728 886 1793 καὶ
917 1740 985 1805 τοῖς
1017 1728 1161 1813 ἀρίστοις

163 1833 324 1919 ἀνδράσιν
342 1831 374 1910 ἐξ
392 1839 466 1896 ἴσου
479 1843 545 1898 τῶν
559 1835 726 1898 κινδύνων
740 1837 953 1918 μετασχόντες
967 1833 1027 1918 ούχ
1042 1834 1162 1917 ὁμοίως

163 1948 219 2022 τῆς
236 1940 335 2023 τύχης
353 1938 588 2020 ἐκοινώνησαν·
607 1948 664 2020 τῆς
681 1939 743 2023 γάρ
762 1937 876 2022 ἀρετῆς
895 1938 935 2002 ού
954 1941 1068 2016 ζῶντες
1082 1938 1161 2004 ἀπο-

163 2045 339 2126 λαύουσιν,
371 2042 453 2107 ἀλλά
485 2045 734 2126 τελευτήσαντες
760 2044 820 2126 τήν
850 2040 950 2119 δόξαν
975 2048 1161 2109 καταλελοί-

162 2165 278 2231 πασιν,
315 2147 375 2232 οὐχ
406 2145 617 2230 ἡττηθέντες,
653 2144 724 2212 ἀλλ’
760 2146 985 2224 ἀποθανόντες
1017 2151 1159 2232 ἔνθαπερ

163 2253 348 2337 ἐτάχθησαν
370 2246 452 2334 ὑπὲρ
475 2259 531 2333 τῆς
554 2249 744 2335 ἐλευθερίας
766 2251 954 2335 ἀμύνοντες.
998 2254 1029 2317 εί
1050 2247 1087 2315 δέ
1110 2254 1197 2317 δεῑ4

163 2356 217 2422 καὶ
243 2354 507 2441 παραδοξότατον
534 2351 594 2440 μέν
619 2358 722 2420 εἰπεῖν
745 2354 867 2438 ἀληθὲς
889 2355 942 2439 δέ,
970 2354 1089 2422 ἐκεῖνοι
1112 2381 1161 2421 νι-

162 2474 282 2537 κῶντες
304 2459 483 2525 ἀπέθανον.
514 2461 553 2524 τά
571 2461 633 2545 γάρ
652 2454 740 2525 ἀθλα
758 2471 818 2526 τοῦ
835 2459 979 2544 πολέμου
997 2472 1065 2537 τοῖς
1083 2449 1161 2545 ἀχα-

163 2573 239 2643 θοῖς
266 2565 426 2651 ἀνδράσιν
449 2563 538 2629 ἐστὶν
561 2564 732 2648 ἐλευθερία
754 2563 809 2630 καλ
832 2565 944 2650 ἀρετή·
973 2576 1075 2631 ταῦτα
1097 2567 1159 2651 γάρ

163 2670 330 2756 ἀμφότερα
355 2679 425 2744 τοῖς
450 2671 681 2752 τελευτήσασιν
703 2668 849 2754 ὑπάρχει.
895 2673 1003 2735 ἔπειτα
1026 2667 1062 2735 δὲ
1085 2669 1158 2736 οὐδ’

163 2767 236 2841 οἷόν
261 2772 289 2840 τ’
319 2771 407 2840 ἐστὶν
434 2775 538 2836 εἰπεῖν
560 2763 720 2856 ἡττῆσθαι
742 2777 819 2849 τοὺς
840 2785 910 2850 ταῖς
932 2775 1094 2850 διανοίαις
1115 2776 1159 2859 μή

162 2878 344 2964 πτήξαντας
364 2880 423 2942 τὸν
444 2888 510 2942 τῖον
533 2877 692 2943 ἐπιόντων
712 2882 828 2964 φόβον.
863 2881 987 2962 μόνους
1003 2879 1066 2964 γάρ
1083 2882 1161 2957 τοὺς

163 2982 200 3048 ἐν
230 2993 300 3058 τοῖς
327 2980 481 3066 πολέμοις
508 2987 614 3059 καλῶς
643 2981 913 3068 ἀποθνήσκοντας
942 2981 1014 3048 οὐδ’
1045 2982 1087 3048 ἀν
1113 2976 1160 3061 εἷς

162 3088 323 3173 ήττησθαι
346 3077 479 3164 δικαίως
498 3090 628 3172 φήσειε·
651 3091 712 3171 τήν
730 3089 791 3172 νάρ
812 3091 965 3154 δουλείαν
983 3089 1160 3173 φεύγοντες

162 3193 279 3258 εύκλεᾶ
300 3193 449 3257 θάνατον
471 3194 651 3278 αἱροῦνται.
688 3193 830 3277 ἐδήλωσε
855 3189 892 3258 δὲ
909 3193 930 3275 ἡ
949 3194 1074 3258 τούτων
1091 3205 1158 3259 τῶν
1177 3208 1193 3257 5

162 3297 296 3382 ἀνδρῶν
322 3296 434 3382 ἀρετή·
465 3301 561 3381 μόνοι
582 3300 644 3384 γάρ
668 3309 733 3363 τῶν
756 3298 909 3365 ἁπάντων
932 3301 992 3382 τήν
1014 3307 1070 3380 τῆς
1087 3296 1159 3363 Ἑλ-

162 3403 262 3479 λάδος
284 3402 476 3488 ἐλευθερίαν
500 3403 536 3468 ἐν
557 3415 625 3480 τοῖς
648 3401 772 3468 ἑαυτῶν
795 3405 942 3488 σώμασιν
960 3400 1058 3488 εἶχον.
1093 3405 1159 3488 ἅμα

161 3507 224 3590 γὰρ
248 3503 342 3573 οὗτοί
361 3531 395 3572 τε
418 3510 476 3573 τὸν
494 3511 569 3592 βίον
586 3507 787 3602 μετήλλαξαν
805 3507 858 3574 καὶ
877 3511 915 3574 τὰ
934 3519 990 3592 τῆς
1002 3506 1159 3586 Ἑλλάδος

213 3620 362 3670 Florilegium
377 3621 487 3662 Graecum
501 3621 541 3662 VI.
991 3604 1007 3652 3
