2670 3988
169 250 212 314 30
492 257 540 310 1x.
558 254 845 326 [ΔΗΜοΣοεαΗΣη

168 410 308 489 ἀπαντές
335 437 391 496 μοι
420 412 639 497 ὁμολογήσεθ’
664 414 714 479 ὅτι
741 413 850 498 ἀληθῆ
874 413 972 479 ἐστιν.
1017 418 1172 499 τριήρους

167 517 230 600 γάρ
254 518 460 602 ὁμολογεῖται
482 520 658 596 κατάλυσις
680 515 777 602 εἶναι,
799 531 931 604 πρῶτον
954 517 1026 604 μέν,
1049 519 1107 584 ἐὰν
1126 520 1170 603 μὴ

168 625 291 705 μισθόν
318 647 368 700 τις
394 625 493 711 διδῷ,
521 625 676 708 δεύτερον
705 623 757 708 δέ,
785 624 843 689 έδιν
870 626 918 702 είς
943 626 1001 690 τὸν
1029 629 1171 710 Πειραιᾶ

167 726 284 810 μεταξὺ
303 730 522 814 καταπλεύσῃ·
541 727 712 806 ἀπόλειψίς
730 753 763 794 τε
782 731 845 814 γάρ
863 732 998 812 πλείστη
1013 734 1170 814 γίγνεται,

168 833 261 897 οἵτε
288 832 530 918 παραμένοντες
557 845 623 898 τῶν
650 845 781 900 ναυτῶν
809 835 869 901 οὐκ
893 834 1047 901 ἐθέλουσι
1070 835 1169 901 πάλιν

166 935 349 1021 ἐμβαίνειν,
378 937 435 1003 ἐάν
463 942 507 1023 μη
534 962 583 1015 τις
610 939 721 1017 αὐτοῖς
747 940 859 1026 ἕτερον
887 938 1047 1025 ἀργύριον
1075 942 1170 1028 διδῷ,

166 1044 249 1109 ὥστε
276 1044 316 1108 τὰ
343 1045 447 1109 οίκεϊα
473 1045 715 1128 διοικήσασθαι.
761 1043 878 1130 δέμολ
900 1045 1067 1130 ἀμφότερα
1091 1063 1169 1111 συν-

167 1147 236 1233 έβη,
260 1144 285 1213 ὦ
308 1150 427 1234 ἀνδρες
450 1150 611 1234 δικασταί,
634 1151 716 1215 ὥστε
738 1150 1015 1234 πολυτελεστέραν
1038 1175 1094 1235 μοι
1116 1175 1168 1234 γε-

131 1268 147 1317 6
165 1253 285 1318 νέσθαι
303 1255 363 1338 τὴν
381 1259 602 1340 τριηραρχίαν.
634 1254 690 1320 καὶ
707 1257 770 1341 γάρ
785 1259 909 1340 μισθὸν
922 1255 1033 1322 οὐδέν’
1049 1259 1169 1339 ἔλαβον

165 1361 253 1445 παρὰ
275 1369 335 1425 τοῦ
358 1370 540 1445 στρατηγοῦ
564 1360 647 1425 ὀκτὼ
671 1371 784 1445 μηνῶν
801 1359 856 1426 καὶ
874 1360 1074 1427 κατέπλευσα
1093 1365 1169 1438 τοὺς

165 1464 316 1551 πρέσβεις
337 1466 428 1548 ἀγοον
452 1466 508 1529 διά
530 1467 567 1531 τὸ
590 1466 707 1550 ἀριστά
729 1491 785 1552 μοι
803 1472 898 1532 πλεῖν
916 1469 977 1552 τὴν
994 1477 1092 1553 ναῦν,
1113 1466 1168 1533 καὶ

165 1569 303 1635 ἐνθένδε
329 1570 445 1651 πάλιν,
471 1569 680 1656 προσταχθέν
707 1595 763 1655 μοι
789 1573 853 1637 ὑπὸ
881 1581 941 1638 τοῦ
968 1574 1075 1657 δήμου
1099 1573 1167 1638 Μέ-

164 1700 256 1741 νωνα
279 1678 337 1742 τὸν
360 1679 541 1762 στρατηγὸν
564 1678 657 1758 ἀγειν
680 1679 727 1754 είς
744 1675 987 1762 Ἑλλήσποντον
1010 1677 1083 1743 ἀντὶ
1099 1679 1167 1744 Αύ-

165 1780 318 1859 τοκλέους
340 1780 705 1867 ἀποχειροτονηθέντος,
729 1781 863 1871 χύχόμην
886 1783 1089 1868 ἀναγόμενος
1112 1785 1167 1850 διδ

164 1887 291 1973 τάχους.
336 1885 390 1952 καὶ
419 1886 493 1952 ἀντὶ
523 1885 583 1971 μὲν
613 1900 679 1954 τῶν
710 1887 939 1954 ἀπολιπόντων
968 1912 1007 1974 με
1036 1902 1166 1956 ναυτῶν

166 1991 296 2078 ἑτέρους
325 1992 559 2077 ἐμισθωσάμην
586 1995 722 2077 ναύτας,
753 1996 891 2079 δωρειάς
917 1993 971 2060 καὶ
993 1998 1164 2081 προδόσεις

164 2089 277 2175 αὐτοῖς
295 2100 375 2176 δοὺς
392 2098 544 2183 μεγάλας,
563 2112 631 2177 τοῖς
649 2096 686 2165 δέ
703 2104 921 2186 παραμείνασι
939 2111 1005 2167 τῶν
1020 2101 1166 2186 ἀρχαίων

164 2215 295 2270 ναυτῶν
317 2205 423 2269 ἔδωκά
446 2228 477 2269 τι
497 2207 544 2282 είς
562 2207 726 2289 διοίκησιν
743 2217 809 2271 τῶν
828 2209 959 2272 οίκείων
977 2212 1164 2273 καταλιπεῖν

131 2312 245 2395 7πρὸς
274 2303 300 2399 ᾧ
331 2313 492 2396 πρότερον
520 2306 627 2396 εἶχον,
657 2312 718 2377 οὐκ
745 2310 876 2394 ἀγνοῶν
905 2314 967 2397 τὴν
994 2323 1166 2398 παροῦσαν

164 2419 292 2501 χρείαν,
315 2415 359 2492 ὡς
381 2415 541 2500 ἀναγκαία
563 2410 606 2499 ἣν
629 2414 769 2505 ἑκάστῳ,
792 2415 925 2504 ἀπορῶν
948 2415 978 2482 δ’
1002 2419 1099 2495 αὐτὸς
1122 2419 1165 2496 ὡς

165 2522 209 2606 μά
236 2523 293 2587 τὸν
317 2525 384 2586 Δία
410 2519 465 2586 καὶ
492 2524 551 2588 τὸν
568 2519 716 2586 ’Λπόλλω
746 2521 855 2600 οὐδεὶς
881 2522 923 2588 ἂν
949 2525 1165 2609 πιστεύσειεν,

164 2627 253 2703 ὅστις
270 2628 314 2711 μὴ
333 2625 466 2710 ἀληθῶς
483 2629 756 2712 παρηκολούθηκε
774 2639 844 2705 τοῖς
861 2627 951 2712 έμοῑς
968 2629 1164 2714 πράγμασιν.

163 2731 302 2809 ὑποθεὶς
331 2728 369 2797 δὲ
397 2734 434 2797 τὸ
464 2736 586 2817 χωρίον
617 2735 818 2821 Θρασυλόχῳ
847 2731 902 2798 καὶ
926 2730 1082 2822 Ἀρχένεῳ
1110 2733 1164 2800 καὶ

164 2838 399 2922 δανεισάμενος
421 2838 596 2922 τριάκοντα
618 2847 702 2920 μνᾶς
722 2836 799 2923 παρ’
822 2838 930 2903 αὐτῶν
952 2837 1006 2903 καὶ
1030 2840 1165 2916 διαδοὺς

163 2954 232 3021 τοῖς
257 2945 392 3020 ναύταις
420 2939 554 3029 ᾠχόμην
576 2941 794 3027 ἀναγόμενος,
820 2945 875 3009 ἵνα
898 2941 1000 3028 μηδὲν
1023 2942 1164 3011 ἐλλείποι

163 3057 208 3136 τῷ
242 3050 336 3135 δήμῳ
368 3040 415 3112 ὧν
444 3045 620 3131 προσέταξε
649 3049 686 3112 τὸ
716 3045 784 3113 κατ’
817 3046 881 3132 ἐμέ.
931 3050 985 3113 καὶ
1014 3049 1033 3114 ό
1064 3051 1165 3134 δῆμος

164 3153 306 3230 ἀκούσας
332 3150 423 3219 ταῦτ’
449 3150 589 3237 ἐπῄνεσέ
613 3151 650 3218 τέ
675 3177 714 3238 με
741 3153 796 3220 καὶ
824 3152 877 3220 ἐπὶ
900 3164 1036 3220 δεῖπνον
1058 3157 1106 3232 είς
1127 3158 1164 3221 τὸ

162 3271 360 3346 πρυτανεῖον
384 3258 546 3324 ἐκάλεσεν.

128 3375 145 3424 8
226 3362 356 3447 Ἐπειδὴ
380 3367 495 3429 τοίνυν
518 3365 565 3440 είς
578 3362 821 3447 Ἑλλήσποντον
839 3367 998 3449 ἤλθομεν,
1020 3367 1075 3430 κοιλ
1094 3365 1164 3430 ὅτε

164 3472 282 3555 χρόνος
304 3467 493 3549 ἐξεληλύθει
512 3493 566 3552 μοι
585 3478 642 3552 τῆς
660 3473 869 3555 τριηραρχίας
891 3468 946 3535 καλ
967 3472 1087 3554 μισθὸς
1105 3469 1165 3536 ούκ

174 3573 312 3657 ’πεδόθη
340 3585 409 3649 τοῖς
435 3575 645 3658 στρατιώταις
671 3572 742 3639 ἀλλ’
770 3574 790 3658 ἢ
818 3576 913 3640 δυοῖν
936 3586 1072 3660 μηνοῑν,
1099 3575 1164 3641 έτε-
