<?xml version="1.0" encoding="UTF-8"?>
<!DOCTYPE html PUBLIC "-//W3C//DTD XHTML 1.0 Transitional//EN"
    "http://www.w3.org/TR/xhtml1/DTD/xhtml1-transitional.dtd">
<html xmlns="http://www.w3.org/1999/xhtml" xml:lang="en" lang="en">
 <head>
  <title>
</title>
<meta http-equiv="Content-Type" content="text/html;charset=utf-8" />
  <meta name='ocr-system' content='tesseract 3.04.00' />
  <meta name='ocr-capabilities' content='ocr_page ocr_carea ocr_par ocr_line ocrx_word'/>
</head>
<body>
  <div class='ocr_page' id='page_1' title='image "./florilegiumgrae00petegoog_0024.png"; bbox 0 0 2670 3988; ppageno 0'>
   <div class='ocr_carea' id='block_1_1' title="bbox 181 217 864 291">
    <p class='ocr_par' dir='ltr' id='par_1_1' title="bbox 181 217 864 291">
     <span class='ocr_line' id='line_1_1' title="bbox 181 217 864 291; baseline -0.001 -19"><span class='ocrx_word' id='word_1_1' title='bbox 181 217 224 282; x_wconf 78' lang='lat'><em>20</em></span> <span class='ocrx_word' id='word_1_2' title='bbox 500 223 559 272; x_wconf 83' lang='lat' dir='ltr'><em>vn.</em></span> <span class='ocrx_word' id='word_1_3' title='bbox 580 219 864 291; x_wconf 77' lang='grc' dir='ltr'><em>[ΔΗωοΣοιιωΗΣ.]</em></span> 
     </span>
    </p>
   </div>
   <div class='ocr_carea' id='block_1_2' title="bbox 109 375 1187 3600">
    <p class='ocr_par' dir='ltr' id='par_1_2' title="bbox 109 375 1187 3600">
     <span class='ocr_line' id='line_1_2' title="bbox 181 375 1180 464; baseline 0.001 -24"><span class='ocrx_word' id='word_1_4' title='bbox 181 375 407 462; x_wconf 75' lang='grc' dir='ltr'><em>ἀνδραγαθίας</em></span> <span class='ocrx_word' id='word_1_5' title='bbox 429 379 536 444; x_wconf 83' lang='grc' dir='ltr'><em>αὐτῶν</em></span> <span class='ocrx_word' id='word_1_6' title='bbox 559 377 769 464; x_wconf 72' lang='grc' dir='ltr'><em>ὑπομνήμαθ’</em></span> <span class='ocrx_word' id='word_1_7' title='bbox 796 379 817 461; x_wconf 85' lang='grc' dir='ltr'><em>ή</em></span> <span class='ocrx_word' id='word_1_8' title='bbox 840 378 876 444; x_wconf 82' lang='grc' dir='ltr'><em>ἐν</em></span> <span class='ocrx_word' id='word_1_9' title='bbox 894 387 932 462; x_wconf 77' lang='grc' dir='ltr'><em>τῇ</em></span> <span class='ocrx_word' id='word_1_10' title='bbox 950 381 1081 461; x_wconf 76' lang='grc' dir='ltr'><strong><em>ποικίλῃ</em></strong></span> <span class='ocrx_word' id='word_1_11' title='bbox 1100 384 1180 461; x_wconf 79' lang='grc' dir='ltr'><em>στοᾷ</em></span> 
     </span>
     <span class='ocr_line' id='line_1_3' title="bbox 181 479 1181 569; baseline -0.001 -23"><span class='ocrx_word' id='word_1_12' title='bbox 181 483 291 566; x_wconf 82' lang='grc' dir='ltr'><em>γραφή</em></span> <span class='ocrx_word' id='word_1_13' title='bbox 310 484 512 567; x_wconf 72' lang='grc' dir='ltr'><em>δεδήλωκεν·</em></span> <span class='ocrx_word' id='word_1_14' title='bbox 535 485 579 561; x_wconf 82' lang='grc' dir='ltr'><em>ὡς</em></span> <span class='ocrx_word' id='word_1_15' title='bbox 597 483 730 560; x_wconf 82' lang='grc' dir='ltr'><em>ἕκαστος</em></span> <span class='ocrx_word' id='word_1_16' title='bbox 747 486 809 568; x_wconf 81' lang='grc' dir='ltr'><em>γὰρ</em></span> <span class='ocrx_word' id='word_1_17' title='bbox 827 486 946 569; x_wconf 77' lang='grc' dir='ltr'><em>τάχους</em></span> <span class='ocrx_word' id='word_1_18' title='bbox 963 479 1060 568; x_wconf 80' lang='grc' dir='ltr'><em>εἶχεν,</em></span> <span class='ocrx_word' id='word_1_19' title='bbox 1078 482 1181 557; x_wconf 84' lang='grc' dir='ltr'><em>εὐθὺς</em></span> 
     </span>
     <span class='ocr_line' id='line_1_4' title="bbox 181 586 1182 672; baseline -0.003 -20"><span class='ocrx_word' id='word_1_20' title='bbox 181 591 404 672; x_wconf 80' lang='grc' dir='ltr'><em>προσβοηθῶν</em></span> <span class='ocrx_word' id='word_1_21' title='bbox 436 586 628 672; x_wconf 89' lang='grc' dir='ltr'><em>γέγραπται,</em></span> <span class='ocrx_word' id='word_1_22' title='bbox 661 590 696 655; x_wconf 76' lang='lat' dir='ltr'><em>oc</em></span> <span class='ocrx_word' id='word_1_23' title='bbox 723 591 779 665; x_wconf 82' lang='grc' dir='ltr'><em>τάς</em></span> <span class='ocrx_word' id='word_1_24' title='bbox 808 598 909 665; x_wconf 85' lang='grc' dir='ltr'><em>κυνᾶς</em></span> <span class='ocrx_word' id='word_1_25' title='bbox 937 589 994 664; x_wconf 82' lang='grc' dir='ltr'><em>τὰς</em></span> <span class='ocrx_word' id='word_1_26' title='bbox 1022 591 1182 662; x_wconf 81' lang='grc' dir='ltr'><em>Βοιωτίας</em></span> 
     </span>
     <span class='ocr_line' id='line_1_5' title="bbox 148 690 1181 777; baseline -0.001 -22"><span class='ocrx_word' id='word_1_27' title='bbox 148 694 320 776; x_wconf 81' lang='grc' dir='ltr'><em>οέχοντες.</em></span> <span class='ocrx_word' id='word_1_28' title='bbox 365 691 464 756; x_wconf 92' lang='grc' dir='ltr'><em>πάλιν</em></span> <span class='ocrx_word' id='word_1_29' title='bbox 496 690 533 757; x_wconf 77' lang='grc' dir='ltr'><em>δὲ</em></span> <span class='ocrx_word' id='word_1_30' title='bbox 565 692 688 777; x_wconf 75' lang='grc' dir='ltr'><em>Ξέρξου</em></span> <span class='ocrx_word' id='word_1_31' title='bbox 721 695 828 770; x_wconf 81' lang='grc' dir='ltr'><em>ἰόντος</em></span> <span class='ocrx_word' id='word_1_32' title='bbox 859 691 910 758; x_wconf 81' lang='grc' dir='ltr'><em>ἐπὶ</em></span> <span class='ocrx_word' id='word_1_33' title='bbox 941 695 1002 776; x_wconf 88' lang='grc' dir='ltr'><em>τήν</em></span> <span class='ocrx_word' id='word_1_34' title='bbox 1029 690 1181 773; x_wconf 83' lang='grc' dir='ltr'><em>Ἑλλάδα,</em></span> 
     </span>
     <span class='ocr_line' id='line_1_6' title="bbox 185 797 1181 882; baseline 0.002 -23"><span class='ocrx_word' id='word_1_35' title='bbox 185 799 339 879; x_wconf 80' lang='grc' dir='ltr'><em>Θηβαίων</em></span> <span class='ocrx_word' id='word_1_36' title='bbox 365 799 592 880; x_wconf 82' lang='grc' dir='ltr'><em>μηδισάντων,</em></span> <span class='ocrx_word' id='word_1_37' title='bbox 621 798 681 863; x_wconf 90' lang='grc' dir='ltr'><em>οὑκ</em></span> <span class='ocrx_word' id='word_1_38' title='bbox 709 798 890 882; x_wconf 84' lang='grc' dir='ltr'><em>ἐτόλμησαν</em></span> <span class='ocrx_word' id='word_1_39' title='bbox 918 797 1098 880; x_wconf 86' lang='grc' dir='ltr'><em>άποστήναι</em></span> <span class='ocrx_word' id='word_1_40' title='bbox 1125 806 1181 880; x_wconf 85' lang='grc' dir='ltr'><em>τής</em></span> 
     </span>
     <span class='ocr_line' id='line_1_7' title="bbox 182 899 1184 986; baseline 0.001 -22"><span class='ocrx_word' id='word_1_41' title='bbox 182 899 339 986; x_wconf 80' lang='grc' dir='ltr'><em>ὑμετέρας</em></span> <span class='ocrx_word' id='word_1_42' title='bbox 366 905 492 985; x_wconf 80' lang='grc' dir='ltr'><em>φιλίας,</em></span> <span class='ocrx_word' id='word_1_43' title='bbox 519 902 602 968; x_wconf 85' lang='grc' dir='ltr'><em>άλλδι</em></span> <span class='ocrx_word' id='word_1_44' title='bbox 628 906 725 986; x_wconf 88' lang='grc' dir='ltr'><em>μόνοι</em></span> <span class='ocrx_word' id='word_1_45' title='bbox 750 915 816 968; x_wconf 79' lang='grc' dir='ltr'><em>τῶν</em></span> <span class='ocrx_word' id='word_1_46' title='bbox 839 905 947 968; x_wconf 77' lang='grc' dir='ltr'><em>ἄλλων</em></span> <span class='ocrx_word' id='word_1_47' title='bbox 970 907 1125 967; x_wconf 83' lang='grc' dir='ltr'><em>Βοιωτῶν</em></span> <span class='ocrx_word' id='word_1_48' title='bbox 1148 902 1184 966; x_wconf 87' lang='grc' dir='ltr'><em>οί</em></span> 
     </span>
     <span class='ocr_line' id='line_1_8' title="bbox 183 1002 1180 1091; baseline 0.001 -22"><span class='ocrx_word' id='word_1_49' title='bbox 183 1002 244 1089; x_wconf 74' lang='grc' dir='ltr'><em>μὲν</em></span> <span class='ocrx_word' id='word_1_50' title='bbox 267 1005 393 1090; x_wconf 76' lang='grc' dir='ltr'><em>ἡμίσεις</em></span> <span class='ocrx_word' id='word_1_51' title='bbox 415 1007 525 1072; x_wconf 82' lang='grc' dir='ltr'><em>αὐτῶν</em></span> <span class='ocrx_word' id='word_1_52' title='bbox 547 1009 626 1091; x_wconf 82' lang='grc' dir='ltr'><em>μετὰ</em></span> <span class='ocrx_word' id='word_1_53' title='bbox 644 1010 916 1091; x_wconf 79' lang='grc' dir='ltr'><em>Λακεδαιμονίων</em></span> <span class='ocrx_word' id='word_1_54' title='bbox 934 1009 989 1071; x_wconf 83' lang='grc' dir='ltr'><em>καί</em></span> <span class='ocrx_word' id='word_1_55' title='bbox 1007 1008 1180 1071; x_wconf 91' lang='grc' dir='ltr'><em>Λεωνίδου</em></span> 
     </span>
     <span class='ocr_line' id='line_1_9' title="bbox 184 1110 1180 1200; baseline 0 -25"><span class='ocrx_word' id='word_1_56' title='bbox 184 1110 220 1175; x_wconf 86' lang='grc' dir='ltr'><em>έν</em></span> <span class='ocrx_word' id='word_1_57' title='bbox 248 1113 477 1196; x_wconf 78' lang='grc' dir='ltr'><em>Θερμοπύλαις</em></span> <span class='ocrx_word' id='word_1_58' title='bbox 509 1111 770 1196; x_wconf 82' lang='grc' dir='ltr'><em>παραταξάμενοι</em></span> <span class='ocrx_word' id='word_1_59' title='bbox 797 1121 843 1200; x_wconf 76' lang='grc' dir='ltr'><em>τῷ</em></span> <span class='ocrx_word' id='word_1_60' title='bbox 872 1113 1027 1199; x_wconf 77' lang='grc' dir='ltr'><em>βαρβάρῳ</em></span> <span class='ocrx_word' id='word_1_61' title='bbox 1055 1111 1180 1175; x_wconf 76' lang='grc' dir='ltr'><em>ἐπιόντι</em></span> 
     </span>
     <span class='ocr_line' id='line_1_10' title="bbox 184 1214 1181 1301; baseline -0.001 -21"><span class='ocrx_word' id='word_1_62' title='bbox 184 1217 434 1299; x_wconf 82' lang='grc' dir='ltr'><em>συναπώλοντο,</em></span> <span class='ocrx_word' id='word_1_63' title='bbox 457 1218 492 1282; x_wconf 85' lang='grc' dir='ltr'><em>οί</em></span> <span class='ocrx_word' id='word_1_64' title='bbox 512 1214 549 1281; x_wconf 73' lang='grc' dir='ltr'><em>δέ</em></span> <span class='ocrx_word' id='word_1_65' title='bbox 571 1216 681 1283; x_wconf 81' lang='grc' dir='ltr'><em>λοιποὶ</em></span> <span class='ocrx_word' id='word_1_66' title='bbox 703 1217 858 1301; x_wconf 80' lang='grc' dir='ltr'><em>ἐμβάντες</em></span> <span class='ocrx_word' id='word_1_67' title='bbox 880 1219 927 1293; x_wconf 89' lang='grc' dir='ltr'><em>είς</em></span> <span class='ocrx_word' id='word_1_68' title='bbox 947 1216 1004 1292; x_wconf 89' lang='grc' dir='ltr'><em>τδις</em></span> <span class='ocrx_word' id='word_1_69' title='bbox 1025 1214 1181 1299; x_wconf 80' lang='grc' dir='ltr'><em>ὑμετέρας</em></span> 
     </span>
     <span class='ocr_line' id='line_1_11' title="bbox 183 1319 1181 1406; baseline -0.003 -21"><span class='ocrx_word' id='word_1_70' title='bbox 183 1323 336 1406; x_wconf 84' lang='grc' dir='ltr'><em>τριήρεις,</em></span> <span class='ocrx_word' id='word_1_71' title='bbox 360 1320 471 1404; x_wconf 86' lang='grc' dir='ltr'><em>ἐπειδή</em></span> <span class='ocrx_word' id='word_1_72' title='bbox 490 1321 602 1397; x_wconf 82' lang='grc' dir='ltr'><em>αὑτοῖς</em></span> <span class='ocrx_word' id='word_1_73' title='bbox 620 1323 723 1386; x_wconf 81' lang='grc' dir='ltr'><em>οἰκεία</em></span> <span class='ocrx_word' id='word_1_74' title='bbox 742 1323 848 1405; x_wconf 80' lang='grc' dir='ltr'><em>σκάφη</em></span> <span class='ocrx_word' id='word_1_75' title='bbox 868 1321 929 1405; x_wconf 89' lang='grc' dir='ltr'><em>οὑχ</em></span> <span class='ocrx_word' id='word_1_76' title='bbox 946 1319 1080 1404; x_wconf 79' lang='grc' dir='ltr'><em>ὑπῆρχε,</em></span> <span class='ocrx_word' id='word_1_77' title='bbox 1103 1336 1181 1383; x_wconf 91' lang='grc' dir='ltr'><em>συν-</em></span> 
     </span>
     <span class='ocr_line' id='line_1_12' title="bbox 185 1423 1180 1514; baseline -0.002 -25"><span class='ocrx_word' id='word_1_78' title='bbox 185 1426 392 1509; x_wconf 91' lang='grc' dir='ltr'><em>εναυμάχουν</em></span> <span class='ocrx_word' id='word_1_79' title='bbox 417 1426 498 1509; x_wconf 82' lang='grc' dir='ltr'><em>ὑμῖν</em></span> <span class='ocrx_word' id='word_1_80' title='bbox 525 1425 582 1490; x_wconf 87' lang='grc' dir='ltr'><em>έπί</em></span> <span class='ocrx_word' id='word_1_81' title='bbox 605 1449 639 1490; x_wconf 87' lang='grc' dir='ltr'><em>τε</em></span> <span class='ocrx_word' id='word_1_82' title='bbox 658 1424 848 1514; x_wconf 79' lang='grc' dir='ltr'><em>Ἀρτεμισίω</em></span> <span class='ocrx_word' id='word_1_83' title='bbox 871 1423 925 1489; x_wconf 84' lang='grc' dir='ltr'><em>καὶ</em></span> <span class='ocrx_word' id='word_1_84' title='bbox 948 1424 984 1489; x_wconf 81' lang='grc' dir='ltr'><em>ἐν</em></span> <span class='ocrx_word' id='word_1_85' title='bbox 1007 1429 1180 1507; x_wconf 81' lang='grc' dir='ltr'><em>Σαλαμῖνι.</em></span> 
     </span>
     <span class='ocr_line' id='line_1_13' title="bbox 152 1529 1181 1615; baseline 0.001 -24"><span class='ocrx_word' id='word_1_86' title='bbox 152 1529 240 1595; x_wconf 70' lang='grc' dir='ltr'><em>ικαὶ</em></span> <span class='ocrx_word' id='word_1_87' title='bbox 269 1532 329 1612; x_wconf 81' lang='grc' dir='ltr'><em>τήν</em></span> <span class='ocrx_word' id='word_1_88' title='bbox 358 1533 546 1594; x_wconf 86' lang='grc' dir='ltr'><em>τελευταίαν</em></span> <span class='ocrx_word' id='word_1_89' title='bbox 575 1529 681 1613; x_wconf 88' lang='grc' dir='ltr'><em>μάχην</em></span> <span class='ocrx_word' id='word_1_90' title='bbox 711 1534 895 1593; x_wconf 78' lang='grc' dir='ltr'><em>Πλαταιᾶσι</em></span> <span class='ocrx_word' id='word_1_91' title='bbox 923 1530 1106 1615; x_wconf 78' lang='grc' dir='ltr'><em>Μαρδονίῳ</em></span> <span class='ocrx_word' id='word_1_92' title='bbox 1135 1537 1181 1614; x_wconf 79' lang='grc' dir='ltr'><em>τῷ</em></span> 
     </span>
     <span class='ocr_line' id='line_1_14' title="bbox 185 1631 1181 1720; baseline -0.001 -22"><span class='ocrx_word' id='word_1_93' title='bbox 185 1633 344 1718; x_wconf 91' lang='grc' dir='ltr'><em>βασιλέως</em></span> <span class='ocrx_word' id='word_1_94' title='bbox 375 1643 542 1720; x_wconf 73' lang='grc' dir='ltr'><em>στρατηγῷ</em></span> <span class='ocrx_word' id='word_1_95' title='bbox 576 1631 650 1718; x_wconf 88' lang='grc' dir='ltr'><em>μεθ’</em></span> <span class='ocrx_word' id='word_1_96' title='bbox 681 1634 775 1716; x_wconf 85' lang='grc' dir='ltr'><em>ὑμῶν</em></span> <span class='ocrx_word' id='word_1_97' title='bbox 806 1631 860 1698; x_wconf 81' lang='grc' dir='ltr'><em>καὶ</em></span> <span class='ocrx_word' id='word_1_98' title='bbox 891 1644 956 1698; x_wconf 83' lang='grc' dir='ltr'><em>τῶν</em></span> <span class='ocrx_word' id='word_1_99' title='bbox 985 1638 1181 1698; x_wconf 88' lang='grc' dir='ltr'><em>συνελευθε-</em></span> 
     </span>
     <span class='ocr_line' id='line_1_15' title="bbox 185 1735 1181 1823; baseline -0.002 -19"><span class='ocrx_word' id='word_1_100' title='bbox 185 1741 336 1823; x_wconf 85' lang='grc' dir='ltr'><em>ρούντων</em></span> <span class='ocrx_word' id='word_1_101' title='bbox 371 1739 432 1822; x_wconf 87' lang='grc' dir='ltr'><em>τήν</em></span> <span class='ocrx_word' id='word_1_102' title='bbox 463 1735 603 1802; x_wconf 82' lang='grc' dir='ltr'><em>Ἑλλάδα</em></span> <span class='ocrx_word' id='word_1_103' title='bbox 639 1738 856 1822; x_wconf 86' lang='grc' dir='ltr'><em>μαχεσάμενοι</em></span> <span class='ocrx_word' id='word_1_104' title='bbox 891 1740 938 1813; x_wconf 88' lang='grc' dir='ltr'><em>είς</em></span> <span class='ocrx_word' id='word_1_105' title='bbox 971 1741 1085 1804; x_wconf 90' lang='grc' dir='ltr'><em>κοινὸν</em></span> <span class='ocrx_word' id='word_1_106' title='bbox 1119 1741 1181 1822; x_wconf 82' lang='grc' dir='ltr'><em>τήν</em></span> 
     </span>
     <span class='ocr_line' id='line_1_16' title="bbox 187 1839 1181 1930; baseline -0.002 -20"><span class='ocrx_word' id='word_1_107' title='bbox 187 1845 379 1930; x_wconf 73' lang='grc' dir='ltr'><em>ἐλευθερίαν</em></span> <span class='ocrx_word' id='word_1_108' title='bbox 409 1854 478 1918; x_wconf 83' lang='grc' dir='ltr'><em>τοῖς</em></span> <span class='ocrx_word' id='word_1_109' title='bbox 509 1843 621 1917; x_wconf 87' lang='grc' dir='ltr'><em>άλλοις</em></span> <span class='ocrx_word' id='word_1_110' title='bbox 640 1840 776 1925; x_wconf 87' lang='grc' dir='ltr'><em>Ἕλλησι</em></span> <span class='ocrx_word' id='word_1_111' title='bbox 807 1840 1000 1926; x_wconf 90' lang='grc' dir='ltr'><em>κατέθηκαν.</em></span> <span class='ocrx_word' id='word_1_112' title='bbox 1045 1840 1115 1907; x_wconf 79' lang='grc' dir='ltr'><em>ἐπεὶ</em></span> <span class='ocrx_word' id='word_1_113' title='bbox 1144 1839 1181 1908; x_wconf 77' lang='grc' dir='ltr'><em>δδ</em></span> 
     </span>
     <span class='ocr_line' id='line_1_17' title="bbox 186 1946 1181 2032; baseline -0.002 -18"><span class='ocrx_word' id='word_1_114' title='bbox 186 1953 378 2025; x_wconf 90' lang='grc' dir='ltr'><em>Παυσανίας</em></span> <span class='ocrx_word' id='word_1_115' title='bbox 401 1948 418 2013; x_wconf 87' lang='grc' dir='ltr'>ὁ</span> <span class='ocrx_word' id='word_1_116' title='bbox 438 1948 708 2029; x_wconf 90' lang='grc' dir='ltr'><em>Λακεδαιμονίων</em></span> <span class='ocrx_word' id='word_1_117' title='bbox 730 1949 883 2030; x_wconf 89' lang='grc' dir='ltr'><em>βασιλεὺς</em></span> <span class='ocrx_word' id='word_1_118' title='bbox 899 1947 1045 2030; x_wconf 79' lang='grc' dir='ltr'><em>ὑβρίζειν</em></span> <span class='ocrx_word' id='word_1_119' title='bbox 1064 1946 1181 2032; x_wconf 86' lang='grc' dir='ltr'><em>ένεχεί-</em></span> 
     </span>
     <span class='ocr_line' id='line_1_18' title="bbox 187 2050 1180 2139; baseline -0.002 -21"><span class='ocrx_word' id='word_1_120' title='bbox 187 2078 237 2139; x_wconf 90' lang='grc' dir='ltr'><em>ρει</em></span> <span class='ocrx_word' id='word_1_121' title='bbox 268 2053 352 2137; x_wconf 84' lang='grc' dir='ltr'><em>ὑμᾶς</em></span> <span class='ocrx_word' id='word_1_122' title='bbox 382 2050 436 2118; x_wconf 82' lang='grc' dir='ltr'><em>καὶ</em></span> <span class='ocrx_word' id='word_1_123' title='bbox 468 2051 528 2117; x_wconf 87' lang='grc' dir='ltr'><em>οὐκ</em></span> <span class='ocrx_word' id='word_1_124' title='bbox 559 2051 682 2135; x_wconf 88' lang='grc' dir='ltr'><em>ήγάπα,</em></span> <span class='ocrx_word' id='word_1_125' title='bbox 714 2051 764 2116; x_wconf 83' lang='grc' dir='ltr'><em>ὅτι</em></span> <span class='ocrx_word' id='word_1_126' title='bbox 796 2061 852 2135; x_wconf 85' lang='grc' dir='ltr'><em>τής</em></span> <span class='ocrx_word' id='word_1_127' title='bbox 882 2050 1055 2135; x_wconf 74' lang='grc' dir='ltr'><em>ἡγεμονίας</em></span> <span class='ocrx_word' id='word_1_128' title='bbox 1085 2056 1180 2135; x_wconf 90' lang='grc' dir='ltr'><em>μόνοι</em></span> 
     </span>
     <span class='ocr_line' id='line_1_19' title="bbox 186 2152 1181 2242; baseline -0.004 -19"><span class='ocrx_word' id='word_1_129' title='bbox 186 2158 376 2242; x_wconf 82' lang='grc' dir='ltr'><em>ήξιιόθησαν</em></span> <span class='ocrx_word' id='word_1_130' title='bbox 407 2156 664 2239; x_wconf 88' lang='grc' dir='ltr'><em>Λακεδαιμόνιοι</em></span> <span class='ocrx_word' id='word_1_131' title='bbox 694 2155 758 2220; x_wconf 91' lang='grc' dir='ltr'><em>ὑπὸ</em></span> <span class='ocrx_word' id='word_1_132' title='bbox 790 2152 1046 2239; x_wconf 84' lang='grc' dir='ltr'><em>τῶνἙλλήνων</em></span> <span class='ocrx_word' id='word_1_133' title='bbox 1076 2154 1130 2221; x_wconf 81' lang='grc' dir='ltr'><em>καὶ</em></span> <span class='ocrx_word' id='word_1_134' title='bbox 1161 2156 1181 2239; x_wconf 85' lang='grc' dir='ltr'><em>ή</em></span> 
     </span>
     <span class='ocr_line' id='line_1_20' title="bbox 186 2257 1182 2347; baseline -0.004 -19"><span class='ocrx_word' id='word_1_135' title='bbox 186 2267 282 2340; x_wconf 88' lang='grc' dir='ltr'><em>πόλις</em></span> <span class='ocrx_word' id='word_1_136' title='bbox 302 2271 341 2347; x_wconf 77' lang='grc' dir='ltr'><em>τῇ</em></span> <span class='ocrx_word' id='word_1_137' title='bbox 364 2257 424 2346; x_wconf 72' lang='grc' dir='ltr'><em>μέν</em></span> <span class='ocrx_word' id='word_1_138' title='bbox 447 2260 586 2346; x_wconf 82' lang='grc' dir='ltr'><em>άληθείᾳ</em></span> <span class='ocrx_word' id='word_1_139' title='bbox 608 2259 717 2342; x_wconf 76' lang='grc' dir='ltr'><em>ἡγεῖτο</em></span> <span class='ocrx_word' id='word_1_140' title='bbox 740 2270 795 2343; x_wconf 87' lang='grc' dir='ltr'><em>τής</em></span> <span class='ocrx_word' id='word_1_141' title='bbox 818 2260 1005 2342; x_wconf 81' lang='grc' dir='ltr'><em>ἐλευθερίας</em></span> <span class='ocrx_word' id='word_1_142' title='bbox 1026 2271 1094 2336; x_wconf 82' lang='grc' dir='ltr'><em>τοῖς</em></span> <span class='ocrx_word' id='word_1_143' title='bbox 1107 2259 1182 2324; x_wconf 86' lang='grc' dir='ltr'><em>Ἕλ-</em></span> 
     </span>
     <span class='ocr_line' id='line_1_21' title="bbox 188 2364 1183 2452; baseline -0.003 -20"><span class='ocrx_word' id='word_1_144' title='bbox 188 2373 279 2451; x_wconf 90' lang='grc' dir='ltr'><em>λησι,</em></span> <span class='ocrx_word' id='word_1_145' title='bbox 304 2376 343 2452; x_wconf 81' lang='grc' dir='ltr'><em>τή</em></span> <span class='ocrx_word' id='word_1_146' title='bbox 371 2364 408 2431; x_wconf 77' lang='grc' dir='ltr'><em>δὲ</em></span> <span class='ocrx_word' id='word_1_147' title='bbox 434 2368 603 2451; x_wconf 80' lang='grc' dir='ltr'><em>φιλοτιμίᾳ</em></span> <span class='ocrx_word' id='word_1_148' title='bbox 630 2365 692 2429; x_wconf 87' lang='grc' dir='ltr'><em>οὐκ</em></span> <span class='ocrx_word' id='word_1_149' title='bbox 717 2366 911 2448; x_wconf 85' lang='grc' dir='ltr'><em>ήναυτιοῦτο</em></span> <span class='ocrx_word' id='word_1_150' title='bbox 933 2375 1001 2440; x_wconf 78' lang='grc' dir='ltr'><em>τοῖς</em></span> <span class='ocrx_word' id='word_1_151' title='bbox 1023 2367 1183 2430; x_wconf 89' lang='grc' dir='ltr'><em>Λακεδαι-</em></span> 
     </span>
     <span class='ocr_line' id='line_1_22' title="bbox 154 2466 1178 2555; baseline -0.004 -18"><span class='ocrx_word' id='word_1_152' title='bbox 154 2481 169 2530; x_wconf 83' lang='grc'>8</span> <span class='ocrx_word' id='word_1_153' title='bbox 189 2476 326 2555; x_wconf 90' lang='grc' dir='ltr'><em>μουιόις,</em></span> <span class='ocrx_word' id='word_1_154' title='bbox 349 2473 404 2536; x_wconf 79' lang='grc' dir='ltr'><em>ἵνα</em></span> <span class='ocrx_word' id='word_1_155' title='bbox 427 2472 471 2554; x_wconf 86' lang='grc' dir='ltr'><em>μή</em></span> <span class='ocrx_word' id='word_1_156' title='bbox 493 2475 715 2554; x_wconf 82' lang='grc' dir='ltr'><em>φθονηθῶσιν</em></span> <span class='ocrx_word' id='word_1_157' title='bbox 737 2470 801 2535; x_wconf 88' lang='grc' dir='ltr'><em>ὑπὸ</em></span> <span class='ocrx_word' id='word_1_158' title='bbox 824 2481 890 2534; x_wconf 83' lang='grc' dir='ltr'><em>τῶν</em></span> <span class='ocrx_word' id='word_1_159' title='bbox 913 2469 1104 2553; x_wconf 88' lang='grc' dir='ltr'><em>συμμάχων·</em></span> <span class='ocrx_word' id='word_1_160' title='bbox 1127 2466 1178 2553; x_wconf 83' lang='grc' dir='ltr'><em>ἐφ’</em></span> 
     </span>
     <span class='ocr_line' id='line_1_23' title="bbox 189 2567 1183 2659; baseline -0.003 -18"><span class='ocrx_word' id='word_1_161' title='bbox 189 2567 238 2652; x_wconf 89' lang='grc' dir='ltr'><em>οἷς</em></span> <span class='ocrx_word' id='word_1_162' title='bbox 264 2573 427 2659; x_wconf 84' lang='grc' dir='ltr'><em>φυσηθεὶς</em></span> <span class='ocrx_word' id='word_1_163' title='bbox 448 2578 641 2650; x_wconf 89' lang='grc' dir='ltr'><em>Παυσανίας</em></span> <span class='ocrx_word' id='word_1_164' title='bbox 667 2576 685 2641; x_wconf 89' lang='grc' dir='ltr'><em>ό</em></span> <span class='ocrx_word' id='word_1_165' title='bbox 713 2586 778 2639; x_wconf 84' lang='grc' dir='ltr'><em>τῶν</em></span> <span class='ocrx_word' id='word_1_166' title='bbox 800 2575 1070 2657; x_wconf 89' lang='grc' dir='ltr'><em>Λακεδαιμονίων</em></span> <span class='ocrx_word' id='word_1_167' title='bbox 1091 2577 1183 2656; x_wconf 91' lang='grc' dir='ltr'><em>βασι-</em></span> 
     </span>
     <span class='ocr_line' id='line_1_24' title="bbox 109 2673 1183 2766; baseline -0.003 -21"><span class='ocrx_word' id='word_1_168' title='bbox 109 2673 265 2766; x_wconf 55' lang='grc' dir='ltr'><em>ἶξξζλεὺς</em></span> <span class='ocrx_word' id='word_1_169' title='bbox 291 2678 472 2764; x_wconf 80' lang='grc' dir='ltr'><em>ἐπέγραψεν</em></span> <span class='ocrx_word' id='word_1_170' title='bbox 500 2676 553 2743; x_wconf 79' lang='grc' dir='ltr'><em>ἐπὶ</em></span> <span class='ocrx_word' id='word_1_171' title='bbox 578 2681 637 2744; x_wconf 91' lang='grc' dir='ltr'><em>τὸν</em></span> <span class='ocrx_word' id='word_1_172' title='bbox 659 2680 796 2763; x_wconf 91' lang='grc' dir='ltr'><em>τρίποδα</em></span> <span class='ocrx_word' id='word_1_173' title='bbox 818 2681 876 2743; x_wconf 87' lang='grc' dir='ltr'><em>τὸν</em></span> <span class='ocrx_word' id='word_1_174' title='bbox 899 2677 934 2743; x_wconf 86' lang='grc' dir='ltr'><em>έν</em></span> <span class='ocrx_word' id='word_1_175' title='bbox 957 2682 1118 2761; x_wconf 76' lang='grc' dir='ltr'><em>Δελφοῖς,</em></span> <span class='ocrx_word' id='word_1_176' title='bbox 1144 2677 1183 2743; x_wconf 86' lang='grc' dir='ltr'><em>ὃν</em></span> 
     </span>
     <span class='ocr_line' id='line_1_25' title="bbox 188 2784 1185 2868; baseline -0.004 -18"><span class='ocrx_word' id='word_1_177' title='bbox 188 2786 223 2850; x_wconf 88' lang='grc' dir='ltr'><em>οί</em></span> <span class='ocrx_word' id='word_1_178' title='bbox 237 2784 394 2868; x_wconf 83' lang='grc' dir='ltr'><em>Ἕλληνες</em></span> <span class='ocrx_word' id='word_1_179' title='bbox 419 2785 455 2849; x_wconf 84' lang='grc' dir='ltr'><em>οί</em></span> <span class='ocrx_word' id='word_1_180' title='bbox 479 2784 762 2868; x_wconf 80' lang='grc' dir='ltr'><em>συμμαχεσάμενοι</em></span> <span class='ocrx_word' id='word_1_181' title='bbox 789 2784 850 2866; x_wconf 85' lang='grc' dir='ltr'><em>τήν</em></span> <span class='ocrx_word' id='word_1_182' title='bbox 871 2788 1056 2847; x_wconf 84' lang='grc' dir='ltr'><em>Πλαταιᾶσι</em></span> <span class='ocrx_word' id='word_1_183' title='bbox 1079 2785 1185 2867; x_wconf 82' lang='grc' dir='ltr'><em>μάχην</em></span> 
     </span>
     <span class='ocr_line' id='line_1_26' title="bbox 187 2887 1184 2973; baseline -0.002 -19"><span class='ocrx_word' id='word_1_184' title='bbox 187 2887 242 2954; x_wconf 83' lang='grc' dir='ltr'><em>καλ</em></span> <span class='ocrx_word' id='word_1_185' title='bbox 264 2891 325 2973; x_wconf 82' lang='grc' dir='ltr'><em>τήν</em></span> <span class='ocrx_word' id='word_1_186' title='bbox 348 2888 384 2954; x_wconf 82' lang='grc' dir='ltr'><em>έν</em></span> <span class='ocrx_word' id='word_1_187' title='bbox 408 2893 573 2971; x_wconf 80' lang='grc' dir='ltr'><em>Σαλαμῖνι</em></span> <span class='ocrx_word' id='word_1_188' title='bbox 596 2892 780 2972; x_wconf 89' lang='grc' dir='ltr'><em>ναυμαχίαν</em></span> <span class='ocrx_word' id='word_1_189' title='bbox 801 2890 1069 2972; x_wconf 88' lang='grc' dir='ltr'><em>ναυμαχήσαντες</em></span> <span class='ocrx_word' id='word_1_190' title='bbox 1089 2896 1184 2972; x_wconf 79' lang='grc' dir='ltr'><em>κοινή</em></span> 
     </span>
     <span class='ocr_line' id='line_1_27' title="bbox 188 2991 1184 3079; baseline 0 -21"><span class='ocrx_word' id='word_1_191' title='bbox 188 2994 401 3077; x_wconf 89' lang='grc' dir='ltr'><em>ποιησάμενοι</em></span> <span class='ocrx_word' id='word_1_192' title='bbox 438 2991 605 3076; x_wconf 79' lang='grc' dir='ltr'><em>ἀνέθηκαν</em></span> <span class='ocrx_word' id='word_1_193' title='bbox 638 2991 803 3076; x_wconf 77' lang='grc' dir='ltr'><em>ἀριστεῖον</em></span> <span class='ocrx_word' id='word_1_194' title='bbox 834 3001 879 3079; x_wconf 73' lang='grc' dir='ltr'><em>τῷ</em></span> <span class='ocrx_word' id='word_1_195' title='bbox 908 2991 1090 3058; x_wconf 82' lang='grc' dir='ltr'><em>Ἀπόλλωνι</em></span> <span class='ocrx_word' id='word_1_196' title='bbox 1120 2992 1184 3058; x_wconf 84' lang='grc' dir='ltr'><em>άπὸ</em></span> 
     </span>
     <span class='ocr_line' id='line_1_28' title="bbox 188 3098 468 3182; baseline 0 -20"><span class='ocrx_word' id='word_1_197' title='bbox 188 3109 254 3162; x_wconf 84' lang='grc' dir='ltr'><em>τῶν</em></span> <span class='ocrx_word' id='word_1_198' title='bbox 276 3098 468 3182; x_wconf 89' lang='grc' dir='ltr'><em>βαρβάρων,</em></span> 
     </span>
     <span class='ocr_line' id='line_1_29' title="bbox 233 3200 1129 3287; baseline 0.003 -22"><span class='ocrx_word' id='word_1_199' title='bbox 233 3200 413 3284; x_wconf 59' lang='grc' dir='ltr'><em>*Ἑλλήνων</em></span> <span class='ocrx_word' id='word_1_200' title='bbox 436 3201 588 3287; x_wconf 89' lang='grc' dir='ltr'><em>ἀρχηγός,</em></span> <span class='ocrx_word' id='word_1_201' title='bbox 611 3200 680 3266; x_wconf 78' lang='grc' dir='ltr'><em>ἐπεὶ</em></span> <span class='ocrx_word' id='word_1_202' title='bbox 702 3204 842 3285; x_wconf 88' lang='grc' dir='ltr'><em>στρατὸν</em></span> <span class='ocrx_word' id='word_1_203' title='bbox 866 3203 966 3269; x_wconf 77' lang='grc' dir='ltr'><em>ὤλεσε</em></span> <span class='ocrx_word' id='word_1_204' title='bbox 988 3204 1129 3286; x_wconf 89' lang='grc' dir='ltr'><em>Μήδων,</em></span> 
     </span>
     <span class='ocr_line' id='line_1_30' title="bbox 277 3304 1016 3393; baseline 0.001 -23"><span class='ocrx_word' id='word_1_205' title='bbox 277 3311 470 3383; x_wconf 88' lang='grc' dir='ltr'><em>Παυσανίας</em></span> <span class='ocrx_word' id='word_1_206' title='bbox 493 3309 606 3393; x_wconf 79' lang='grc' dir='ltr'><em>Φοίβῳ</em></span> <span class='ocrx_word' id='word_1_207' title='bbox 629 3304 727 3390; x_wconf 79' lang='grc' dir='ltr'><em>μνῆμ’</em></span> <span class='ocrx_word' id='word_1_208' title='bbox 750 3305 892 3391; x_wconf 84' lang='grc' dir='ltr'><em>ἀνέθηκε</em></span> <span class='ocrx_word' id='word_1_209' title='bbox 914 3307 1016 3390; x_wconf 87' lang='grc' dir='ltr'><em>τόδε,’</em></span> 
     </span>
     <span class='ocr_line' id='line_1_31' title="bbox 189 3409 1187 3495; baseline 0.001 -19"><span class='ocrx_word' id='word_1_210' title='bbox 189 3412 233 3487; x_wconf 85' lang='grc' dir='ltr'><em>ὡς</em></span> <span class='ocrx_word' id='word_1_211' title='bbox 264 3412 366 3477; x_wconf 85' lang='grc' dir='ltr'><em>αὑτοῦ</em></span> <span class='ocrx_word' id='word_1_212' title='bbox 398 3421 457 3475; x_wconf 85' lang='grc' dir='ltr'><em>τοῦ</em></span> <span class='ocrx_word' id='word_1_213' title='bbox 485 3409 512 3475; x_wconf 90' lang='grc' dir='ltr'><em>τ’</em></span> <span class='ocrx_word' id='word_1_214' title='bbox 544 3413 644 3494; x_wconf 80' lang='grc' dir='ltr'><em>ἔργον</em></span> <span class='ocrx_word' id='word_1_215' title='bbox 673 3413 768 3488; x_wconf 83' lang='grc' dir='ltr'><em>όντος</em></span> <span class='ocrx_word' id='word_1_216' title='bbox 795 3410 850 3477; x_wconf 86' lang='grc' dir='ltr'><em>καλ</em></span> <span class='ocrx_word' id='word_1_217' title='bbox 878 3421 938 3478; x_wconf 87' lang='grc' dir='ltr'><em>τοῦ</em></span> <span class='ocrx_word' id='word_1_218' title='bbox 967 3410 1187 3495; x_wconf 85' lang='grc' dir='ltr'><em>ἀναθήματος,</em></span> 
     </span>
     <span class='ocr_line' id='line_1_32' title="bbox 155 3511 1187 3600; baseline 0 -20"><span class='ocrx_word' id='word_1_219' title='bbox 155 3511 260 3580; x_wconf 68' lang='grc' dir='ltr'><em>κᾶλλ’</em></span> <span class='ocrx_word' id='word_1_220' title='bbox 288 3515 328 3580; x_wconf 88' lang='grc' dir='ltr'><em>οὐ</em></span> <span class='ocrx_word' id='word_1_221' title='bbox 355 3525 470 3579; x_wconf 90' lang='grc' dir='ltr'><em>κοινοῦ</em></span> <span class='ocrx_word' id='word_1_222' title='bbox 497 3525 562 3578; x_wconf 84' lang='grc' dir='ltr'><em>τῶν</em></span> <span class='ocrx_word' id='word_1_223' title='bbox 590 3516 784 3600; x_wconf 90' lang='grc' dir='ltr'><em>συμμάχων·</em></span> <span class='ocrx_word' id='word_1_224' title='bbox 815 3514 1039 3598; x_wconf 81' lang='grc' dir='ltr'><em>ὀργισθέντων</em></span> <span class='ocrx_word' id='word_1_225' title='bbox 1062 3512 1099 3580; x_wconf 75' lang='grc' dir='ltr'><em>δὲ</em></span> <span class='ocrx_word' id='word_1_226' title='bbox 1121 3527 1187 3580; x_wconf 83' lang='grc' dir='ltr'><em>τῶν</em></span> 
     </span>
    </p>
   </div>
   <div class='ocr_carea' id='block_1_3' title="bbox 0 0 1351 3988">
    <p class='ocr_par' dir='ltr' id='par_1_3' title="bbox 0 0 1351 3988">
     <span class='ocr_line' id='line_1_33' title="bbox 0 0 1351 3988; baseline 0 0"><span class='ocrx_word' id='word_1_227' title='bbox 0 0 1351 3988; x_wconf 95' lang='lat' dir='ltr'><em> </em></span> 
     </span>
    </p>
   </div>
  </div>
 </body>
</html>
