2670 3988
184 212 227 278 48
491 219 565 270 xm
584 217 868 288 [immoramur]

186 374 227 457 δὴ
254 377 303 450 τίς
329 375 376 439 ώυ
403 373 457 440 καὶ
483 379 549 441 τίσι
575 372 664 442 ταῦτ’
698 376 954 460 ἐνδεικνύμενος.
999 378 1042 462 μὴ
1069 382 1184 443 τοίνυν

184 479 275 564 ὑμῖν,
292 483 374 565 πρὸς
391 489 436 567 τῷ
454 483 497 565 μὴ
516 485 631 564 καλόν,
649 478 732 566 μηδὲ
748 484 886 565 θεμιτὸν
899 480 1053 566 νομίζετ’,
1066 485 1185 568 ἄνδρες

183 586 349 668 δικασταί,
378 583 453 670 μηδ’
481 587 577 652 ὅσιον
606 583 708 670 εἶναι,
737 588 896 653 τοιούτων
926 586 1058 670 ἀνδρῶν
1088 583 1185 653 οὖσιν

184 689 370 773 ἀπογόνοις,
392 694 540 775 πονηρὸν
562 690 617 756 καὶ
639 695 750 774 βίαιον
773 690 826 756 καὶ
849 693 1008 776 ὑβριστὴν
1027 696 1185 775 λαβοῦσιν

184 795 364 878 ἀνθρώπου
382 795 436 860 καὶ
454 795 579 880 μηδένα
598 798 805 881 μηδαμόθεν,
824 799 1018 881 συγγνώμης
1035 797 1054 881 ἢ
1069 803 1185 881 φιλαν-

183 904 333 980 θρωπίας
361 901 381 984 ἢ
411 902 542 986 χάριτός
570 925 660 977 τινος
690 900 834 979 ἀξιώσαι.
879 905 969 978 τίνος
989 903 1052 986 γὰρ
1076 902 1185 982 ἕνεκας

184 1016 250 1070 τῶν
282 1017 500 1091 στρατηγιῶν·
537 1003 611 1070 ἀλλ’
642 1003 721 1071 οὐδὲ
751 1002 829 1072 καθ’
860 1007 962 1072 αὑτὸν
991 1009 1186 1091 στρατιώτης

185 1107 281 1187 οὗτος
303 1111 440 1188 ούδενός
458 1109 522 1177 ἐστ’
545 1110 645 1194 ἄξιος,
668 1115 712 1195 μή
731 1119 765 1177 τί
779 1136 816 1195 γε
834 1123 900 1176 τῶν
918 1113 1028 1176 ἀλλων
1045 1113 1185 1197 ἡγεμών.

185 1214 268 1280 ἀλλὰ
289 1227 355 1281 τῶν
374 1220 495 1300 λόγων·
520 1216 559 1282 ἐν
578 1208 628 1294 οἷς
645 1225 739 1301 κοινῇ
758 1213 819 1300 μὲν
838 1212 937 1282 οὐδὲν
955 1214 1076 1282 πώποτ’
1095 1214 1186 1283 εἶπεν

152 1336 167 1384 ’1
186 1321 326 1405 ἀγαθόν,
348 1333 455 1400 κακῶς
478 1319 508 1387 δ’
537 1325 606 1410 ίδίμ
628 1321 752 1398 πάντας
773 1321 972 1406 ἀνθρώπους
995 1322 1088 1404 λέγει.
1134 1321 1186 1406 γε’-

185 1450 265 1503 νους
288 1427 382 1492 ἕνεκα
405 1430 446 1511 νη
465 1432 546 1493 Δία·
570 1427 624 1494 καὶ
648 1431 697 1504 τίς
716 1427 775 1492 οὐκ
794 1424 884 1493 οίδεν
902 1428 996 1511 ὑμῶν
1013 1429 1069 1505 τὰς
1086 1427 1186 1513 ἀπορ-

186 1534 315 1615 ρήτους,
334 1533 441 1618 ὥσπερ
461 1533 497 1598 ἐν
516 1535 695 1621 τραγῳδίᾳ,
712 1534 770 1609 τὰς
787 1533 906 1598 τούτου
924 1531 1037 1615 γονύς;
1055 1531 1110 1598 καὶ
1123 1534 1186 1618 γάρ

186 1661 235 1702 τοι
268 1638 323 1701 διὰ
352 1648 449 1703 τοῦτο
479 1649 544 1702 τών
576 1638 616 1702 ού
646 1641 880 1722 προσηκόντων
909 1636 1046 1720 ἀγαθῶν
1074 1639 1187 1723 κύριος

176 1725 330 1825 1γεγονὼς
348 1740 402 1807 καὶ
420 1744 576 1825 πατρίδος
593 1743 787 1826 τετυχηκώς,
804 1743 824 1825 ἣ
843 1746 958 1826 νόμοις
971 1753 1037 1806 τῶν
1052 1741 1186 1808 ἀπασῶν

186 1850 315 1912 πόλεών
342 1845 467 1930 μάλιστ’
495 1849 658 1912 οἰκεῖσθαι
683 1849 789 1930 δοκεῖ,
816 1844 926 1912 οὐδέν’
950 1843 1040 1930 οἶμαι
1063 1851 1187 1932 τρόπον

187 1951 299 2037 φέρειν
330 1948 408 2017 οὐδὲ
437 1959 580 2036 χρῆσθαι
610 1953 738 2028 τούτοις
768 1952 921 2034 δύναται,
952 1951 1035 2017 ἀλλὰ
1064 1956 1101 2020 τὸ
1131 1963 1187 2038 τῆς

187 2058 317 2141 φύσεώς
337 2057 507 2141 βάρβαρον
529 2057 661 2139 ἀληθῶς
683 2055 738 2120 καὶ
760 2063 853 2133 θεοῖς
876 2056 1000 2142 ἐχθρὸν
1023 2056 1109 2122 ἕλκει
1132 2057 1187 2124 καὶ

187 2163 329 2246 βιάζεται
351 2160 405 2226 καὶ
429 2165 575 2248 φανερὸν
592 2174 682 2228 ποιεῖ
697 2173 765 2238 τοῖς
783 2173 946 2247 παροῦσιν
964 2163 1072 2248 ώσπερ
1092 2163 1187 2229 ἀλλο-

187 2271 303 2353 τρίοις,
327 2267 407 2352 ὅπερ
430 2269 534 2350 ἔστιν,
557 2267 657 2332 αὐτὸν
680 2268 861 2351 χρώμενον.

455 2535 457 2544 Ι
543 2459 632 2526 XIII.
656 2461 833 2525 Antidosis.

537 2580 638 2651 [uem]
658 2579 730 2633 xta
749 2587 844 2636 ι-κι.

258 2702 470 2758 Atheniensium
486 2706 547 2757 erat
560 2702 710 2772 proprium,
726 2702 750 2755 si
764 2702 826 2770 quis
840 2719 939 2756 munus
948 2703 993 2756 vel
1006 2701 1187 2758 trierarchiae

189 2774 235 2830 vel
253 2774 401 2844 eboregiae
417 2773 462 2828 vel
476 2773 554 2827 aliud
568 2772 622 2826 sibi
636 2772 804 2842 imperatum
818 2773 995 2842 detrectaret,
1014 2777 1046 2827 ut
1060 2774 1187 2844 alterum,

189 2861 272 2913 quem
291 2861 320 2897 se
338 2844 429 2913 magis
449 2842 526 2898 oneri
545 2859 604 2897 esse
623 2842 736 2897 ferendo
756 2842 951 2912 arbitraretur,
970 2848 1134 2913 provocaret
1152 2845 1188 2898 ad

190 2914 352 2969 antidosimz
372 2931 404 2969 eo
423 2913 548 2982 oonsilio,
566 2916 598 2967 ut
613 2915 780 2982 provocatus
795 2916 845 2966 aut
857 2931 957 2966 munus
972 2914 1126 2983 susciperet
1139 2917 1189 2968 aut

190 2986 283 3040 omnia
307 3002 357 3038 sua
378 2985 453 3038 bona
476 2985 639 3052 provocanti
662 2983 773 3038 offerret
790 2984 984 3052 permutanda.
1021 2988 1188 3053 provocatus

190 3055 214 3109 si
232 3073 331 3108 munus
351 3053 535 3124 suscipiebat,
559 3056 624 3107 aeta
642 3056 703 3108 erat
720 3070 777 3119 res;
801 3055 844 3107 sin
861 3055 1022 3123 recusabat,
1040 3057 1189 3123 utrumque

188 3126 394 3195 possessionum
409 3141 521 3180 suarum
535 3124 749 3178 commentarios
762 3125 897 3179 conficere
911 3125 957 3178 lex
970 3124 1095 3184 volebam
1116 3141 1188 3178 oom-

189 3195 334 3250 menteriis
352 3195 470 3251 redditis
489 3197 539 3250 aut
555 3195 693 3249 bonorum
710 3194 879 3264 permutatio
894 3195 980 3249 fiebat
994 3197 1051 3264 aut,
1070 3195 1100 3248 id
1115 3196 1189 3264 quod

189 3265 352 3336 plerumque
371 3266 480 3321 solebat
498 3265 636 3334 accidere,
661 3281 704 3319 res
724 3264 760 3318 ad
778 3264 884 3318 iudices
903 3264 1045 3333 veniebat,
1065 3264 1113 3333 qui
1132 3266 1189 3318 dis-

191 3340 348 3406 ceptarent,
377 3339 440 3392 uter
466 3354 566 3390 munus
595 3335 756 3405 susciperet.
798 3335 990 3390 eximebantur
1017 3339 1112 3389 autem
1139 3335 1190 3389 illa

190 3407 394 3476 permutatione
418 3408 477 3462 sola
500 3407 629 3474 metalla,
653 3422 807 3475 quaecum
827 3405 941 3476 publica
960 3412 1054 3460 essent
1072 3405 1189 3474 usuique

190 3481 301 3531 tantum
323 3476 431 3546 privato
449 3475 582 3545 vectigali
602 3479 676 3530 certo
696 3492 839 3544 concessa,
864 3478 894 3530 et
910 3475 1046 3530 immunia
1064 3479 1144 3530 erant
1162 3480 1190 3530 et

191 3548 288 3614 quovis
306 3551 432 3616 tempore
450 3563 468 3600 a
485 3563 514 3599 re
530 3546 645 3615 publica
659 3548 789 3616 poteraut
801 3545 918 3616 reposci.
946 3546 988 3600 ita
1002 3546 1026 3600 is
1041 3547 1089 3615 qui
1103 3548 1190 3602 verba
