2670 3988
178 249 220 312 22
494 252 552 302 v11.
573 249 860 322 [ΔΗιτοεοααΗΣ]

176 415 266 474 θουν
284 411 331 485 εἰς
349 410 405 486 τὰς
423 410 602 486 Πλαταιάς·
626 408 679 474 καὶ
699 411 734 474 οί
750 414 888 494 Θηβαῖοι
907 410 951 487 ὡς
970 407 1082 496 ἑώρων
1100 412 1178 486 τοὺς

172 512 371 598 Ἀθηναίους
394 517 639 598 βεβοηθηκότας
660 527 728 591 τοῖς
750 521 989 598 Πλαταιεῦσιν,
1014 515 1176 600 ἀνεχώρη-

177 636 239 685 σαν
263 617 312 685 ἐπ’
333 625 436 685 οῖκου.

126 740 157 786 12
238 723 292 800 Ὡς
322 720 384 790 οὖν
413 724 575 811 ἀπέτυχον
604 726 640 791 οἰ
667 729 807 809 Θηβαῖοι
836 734 893 809 τῆς
921 729 1031 810 πείρας
1061 723 1114 789 καὶ
1144 725 1179 789 οἰ

176 834 354 905 Πλαταιεῖς
376 832 452 905 τοὺς
475 830 608 914 ἀνδρας,
631 829 689 906 οὑς
712 832 831 913 ἔλαβον
850 829 958 894 αὑτῶν
978 829 1014 894 ἐν
1032 838 1070 914 τῇ
1090 831 1175 915 μάχη

177 939 308 1018 ζῶντας,
322 933 526 1017 ἀπέκτειναν,
540 934 751 1018 ὀργισθέντες
765 935 800 1000 οἰ
806 936 1062 1018 Λακεδαιμόνιοι
1076 934 1176 1018 ἀπρο-

176 1044 342 1124 φασίστως
363 1041 426 1123 ἤδη
451 1040 685 1121 στρατεύουσιν
709 1038 761 1104 ἐττλ
783 1040 839 1116 τὰς
861 1040 1043 1123 Πλαταιάς,
1070 1045 1176 1105 Πελο-

176 1149 368 1229 ποννησίοις
390 1141 450 1229 μὲν
474 1147 573 1210 άπασι
596 1147 682 1228 πλὴν
697 1143 853 1230 Ἀργείων
874 1146 914 1210 τά
938 1139 998 1210 δύο
1022 1143 1103 1230 μέρη
1121 1155 1177 1228 τῆς

94 1257 98 1267 ’
176 1259 327 1336 στρατιᾶς
345 1249 409 1315 ἀπὸ
428 1261 493 1314 τῶν
507 1253 636 1315 πόλεων
651 1248 796 1315 ἑκάστων
809 1249 948 1334 πέμπειν
963 1250 1176 1332 ἐπιτάξαντες,

176 1360 333 1432 Βοιωτοῖς
361 1351 398 1419 δὲ
424 1365 493 1431 τοῖς
519 1356 630 1431 ἀλλοις
657 1356 757 1419 άπασι
782 1352 838 1419 Ικαὶ
860 1359 1002 1439 Λοκροῖς
1024 1353 1078 1420 καὶ
1102 1360 1176 1420 Φω-

175 1471 267 1526 κεῦσι
289 1459 344 1525 καὶ
363 1465 529 1542 Μηλιεῦσι
551 1458 606 1524 καὶ
626 1462 771 1536 Οἰταίοις
788 1458 842 1524 καὶ
861 1461 995 1524 Αἰνιᾶσι
1014 1460 1176 1544 πανδημεὶ

125 1578 157 1626 13
176 1565 424 1648 ἐπαγγείλαντες
447 1567 644 1652 στρατεύειν.
679 1563 734 1629 καὶ
756 1567 1044 1649 περικαθεζόμενοι
1066 1567 1175 1630 αὐτῶν

176 1673 213 1736 τὸ
239 1681 344 1756 τεῖχος
371 1675 474 1754 πολλῇ
502 1671 641 1753 δυνάμει
669 1669 922 1753 ἐπηγγέλλοντο,
950 1671 982 1735 εἰ
1002 1673 1175 1754 βούλοιντο

175 1778 236 1860 τὴν
259 1773 319 1860 μὲν
341 1779 439 1841 πόλιν
457 1775 568 1852 αὐτοῖς
586 1776 802 1859 παραδοῦναι,
825 1777 885 1858 τὴν
904 1771 941 1840 δὲ
959 1777 1070 1861 χώραν
1090 1778 1176 1861 ἔχειν

176 1879 230 1946 καὶ
243 1887 452 1966 καρποῦσθαι
466 1881 505 1945 τά
519 1881 639 1963 αὑτῶν,
658 1880 858 1964 ἀφίστασθαι
873 1877 909 1945 δὲ
924 1890 980 1964 τῆς
993 1876 1175 1964 Ἀθηναίων

177 1990 367 2071 συμμαχίας.
403 1987 464 2051 οὐκ
488 1985 716 2069 ἐθελησάντων
736 1981 772 2050 δέ
789 1997 855 2050 τῶν
874 1984 1079 2070 Πλαταιέων,
1102 1985 1172 2052 ἀλλ’

73 2138 107 2179 0,,
115 2140 168 2190 ⁸⁷,ss
178 2088 459 2175 ἀποκριναμένων,
478 2091 528 2155 ότι
547 2092 627 2155 άνευ
637 2088 825 2173 Ἀθηναίων
839 2086 940 2155 οὐδὲν
954 2089 995 2155 ἀν
1009 2091 1175 2176 πράξειαν,

83 2192 163 2295 {³31¹}ss
177 2195 393 2281 ἐπολιόρκουν
420 2197 540 2272 αὐτοὺς
568 2199 671 2283 διπλῷ
700 2199 797 2279 τείχει
819 2191 1092 2281 περιτειχίσαντες
1114 2199 1176 2262 δύο

126 2315 159 2362 14
177 2304 244 2385 ἐτη,
265 2302 388 2378 πολλάς
409 2299 463 2366 καὶ
485 2303 694 2377 παντοδαπάς
711 2306 824 2384 πείρας
841 2301 1072 2385 προσάγοντες.
1107 2302 1176 2368 ἐπεὶ

71 2404 73 2408 ’
178 2404 206 2470 δ’
226 2406 442 2490 ἀπειρήκεσαν
461 2408 496 2472 οἰ
512 2411 687 2482 Πλαταιεῖς
705 2405 759 2471 καὶ
783 2407 902 2484 ἐνδεεῖς
920 2407 1005 2496 ἦσαν
1024 2407 1175 2473 ἁπάντων

177 2510 232 2575 καλ
261 2513 445 2595 ἠποροῦντο
476 2520 531 2594 τῆς
561 2515 736 2594 σωτηρίας,
766 2511 1066 2596 διακληρωσάμενοι
1095 2516 1176 2595 πρὸς

89 2628 159 2720 Ἦν·
179 2625 264 2699 σφᾶς
291 2616 411 2692 αὐτοὺς
439 2617 474 2681 οί
498 2612 558 2699 μὲν
585 2617 819 2699 ὑπομείναντες
846 2616 1113 2702 ἐπολιορκοῦντο,
1145 2621 1179 2683 οἰ

75 2735 159 2782 νοω·
179 2717 215 2786 δὲ
251 2725 446 2804 τηρήσαντες
479 2723 581 2786 νύκτα
613 2720 666 2785 καὶ
697 2721 788 2805 ὑδωρ
820 2720 875 2786 καὶ
906 2723 1028 2806 ἀνεμου
1059 2725 1176 2806 πολύν,

179 2826 366 2904 ἐξελθόντες
393 2826 427 2890 ἐκ
453 2835 510 2909 τῆς
537 2830 662 2902 πόλεως
683 2825 737 2890 καὶ
759 2827 958 2910 ὑπερβάντες
979 2829 1017 2892 τὸ
1039 2833 1176 2912 περιτεί-

178 2948 291 3016 χισμα,
322 2943 389 2996 τῶν
420 2936 585 3015 πολεμίων
615 2935 775 3008 λαθόντες
805 2933 865 3015 τὴν
897 2932 1067 3016 στρατιάν,
1098 2933 1176 2998 ἀπο-

179 3036 359 3120 σφάξαντες
389 3039 466 3112 τοὺς
494 3038 642 3120 φύλακας
672 3035 884 3123 διασῴζονται
914 3038 1030 3120 δεῦρο,
1062 3039 1178 3114 δεινῶς

179 3142 377 3225 διακείμενοι
400 3139 452 3206 καὶ
477 3140 742 3226 ἀπροσδοκήτως·
766 3142 801 3207 οἰ
817 3139 847 3206 δ’
870 3141 1103 3225 ὑπομείναντες
1120 3144 1178 3208 αὑ-

178 3258 244 3312 τῶν
276 3246 417 3329 ἁλούσης
447 3255 504 3330 τῆς
534 3249 659 3322 πόλεως
687 3248 768 3311 κατά
797 3248 914 3331 κράτος
943 3246 1177 3332 ἀπεσφάγησαν

178 3351 296 3427 πάντες
323 3353 357 3418 οἰ
381 3351 539 3435 ἡβῶντες,
565 3353 678 3428 παῖδες
705 3348 742 3416 δὲ
769 3351 822 3417 καὶ
850 3363 1001 3436 γυναῖκες
1024 3351 1178 3437 ἐξηνδρα-

179 3459 403 3539 ποδίσθησαν,
427 3456 498 3520 ὅσοι
522 3458 566 3540 μη
589 3458 781 3540 αἰσθόμενοι
805 3456 955 3533 ἐπιόντας
976 3460 1052 3534 τοὺς
1074 3461 1178 3523 Λακε-

147 3578 161 3614 ‘s
181 3563 373 3644 δαιμονίους
387 3557 747 3644 ὑπεξῆλθονἉθηναζε.
769 3573 838 3638 τοῖς
851 3557 912 3628 οὑν
928 3563 1014 3627 οὑτω
1029 3575 1180 3650 φανερῶς
