2670 3988
157 249 200 311 54
483 251 554 304 XIV.
573 249 835 303 nunonennfln

156 407 228 461 bant
241 403 391 477 (ἐκλογεῖς),
410 407 557 488 peculatus
571 405 748 461 insimularet
762 410 788 474 (ς
798 411 833 474 2),
848 410 1004 475 rogaverat,
1019 409 1051 460 ut
1065 407 1161 461 decem

158 494 176 601 ἓ
189 478 292 559 populo
307 480 466 531 crearentur
479 477 541 544 viri,
556 476 605 545 qni
619 493 704 546 opera
718 477 921 601 ιιιᾶιιίοιιίιιᾟἡ
859 494 980 532 morum
995 477 1039 530 usi
1053 477 1162 531 tributu

158 547 255 672 tte
272 547 943 699 ttrsstttettfflit?&tittm
949 548 1161 698 tresenti

158 688 255 743 domos
277 689 455 758 irrumperet3
479 689 555 756 quod
577 705 610 742 eo
633 706 725 742 mrnns
746 692 807 742 erut
825 688 982 757 ferendum,
1006 689 1082 757 quod
1101 705 1160 742 eius

157 762 246 828 puter,
265 759 333 827 quia
350 758 499 828 pecuniam
517 758 625 813 aerario
644 758 770 812 debitam
785 775 842 813 non
855 759 985 827 solverat,
1003 757 1034 811 in
1047 759 1160 813 vincula

159 832 220 884 erat
238 829 379 884 coniectus
398 832 424 898 (ξ
440 833 492 899 10).
503 861 535 870 -
546 829 587 883 De
605 829 738 898 periculo,
756 828 786 882 in
805 829 880 898 quod
894 829 1048 883 Androtion
1061 831 1162 899 postea

157 899 318 969 implicatus
337 903 391 968 est,
412 900 446 955 cf.
460 919 486 970 p.
501 905 544 955 41.

125 1063 138 1107 1
227 1046 397 1128 Βούλομαι
433 1040 471 1109 δὲ
506 1042 560 1108 καὶ
596 1044 636 1107 τά
672 1041 879 1126 πολιτεύματ’
919 1041 1065 1120 ἐξετάσαι
1101 1053 1161 1108 τοῦ

158 1156 260 1216 καλοῦ
292 1149 442 1233 κάγαθοῦ
474 1151 609 1231 τούτου,
641 1147 686 1212 δι’
718 1143 764 1212 ὧν
795 1149 856 1213 οὐκ
886 1147 961 1212 ἔσθ’
988 1150 1006 1213 ὅ
1036 1173 1067 1212 τι
1096 1159 1161 1212 τῶν

160 1257 357 1321 δεινοτάτων
388 1255 529 1320 ἐλλιπὼν
558 1257 754 1339 φανήσεται·
788 1251 842 1318 καὶ
869 1254 931 1338 γάρ
960 1253 1079 1337 ἀναιδῆ
1107 1250 1161 1317 καὶ

158 1365 290 1446 θρασὺν
317 1359 372 1425 καὶ
399 1359 539 1443 κλέπτην
562 1357 616 1424 καὶ
641 1360 853 1444 ὑπερήφανον
875 1356 929 1423 καὶ
952 1359 1058 1424 πάντα
1081 1365 1161 1443 μάλ-

159 1472 219 1532 λον
237 1466 257 1550 ή
277 1466 313 1531 έν
332 1468 533 1551 δημοκρατίᾳ
548 1463 756 1529 πολιτεύεσθ’
775 1463 959 1547 ἐπιτήδειον
973 1462 1041 1529 ὄντ’
1060 1465 1162 1529 αὐτὸν

160 1571 264 1650 δείξω.
310 1568 363 1636 καὶ
386 1581 517 1655 πρῶτον
539 1569 615 1653 μέν,
639 1567 689 1652 ἐφ’
717 1563 743 1656 ᾧ
768 1568 921 1653 μέγιστον
944 1581 1078 1654 φρονεῖ,
1101 1571 1161 1652 τήν

158 1689 224 1742 τῶν
242 1677 417 1762 χρημάτων
435 1675 605 1760 εἴσπραξιν
624 1673 823 1758 ἐξετάσωμεν
842 1675 955 1758 αὐτοῦ,
974 1677 1018 1759 μή
1033 1683 1071 1759 τῇ
1086 1677 1162 1740 τού-

158 1807 218 1849 του
240 1781 456 1867 προσέχοντες
478 1780 649 1866 ἀλαζονείᾳ
670 1783 729 1845 τὸν
752 1789 847 1863 νοῦν,
869 1779 953 1845 ἀλλὰ
970 1783 1007 1845 τὸ
1025 1778 1161 1863 πρᾶγμ’,

124 1907 139 1954 2
160 1879 232 1954 οἷον
250 1886 365 1971 γέγονε
383 1896 421 1972 τή
441 1886 591 1973 ἀληθείᾳ,
611 1896 817 1962 σκοποῦντες.
855 1881 950 1962 οὗτος
966 1886 1161 1969 Εύκτήμονα

159 1997 266 2078 φήσας
282 1995 339 2070 τάς
357 1992 515 2076 ὑμετέρας
533 1995 620 2076 ἔχειν
638 1993 794 2077 εἰσφοράς
811 1989 866 2056 καὶ
881 1988 969 2057 τοῦτ’
985 1989 1162 2074 ἐξελέγξειν

159 2098 179 2182 ή
193 2096 267 2184 παρ’
282 2100 384 2164 αὑτοῦ
398 2099 598 2181 καταθήσειν
613 2098 848 2182 ὑποσχόμενος,
864 2098 1047 2174 καταλύσας
1062 2101 1162 2181 ψηφί-

160 2223 256 2289 σματι
278 2206 449 2289 κληρωτήν
472 2203 576 2288 ἀρχὴν
599 2202 651 2268 ἐπὶ
674 2211 712 2287 τῇ
730 2203 894 2288 προφάσει
912 2203 1012 2288 ταύτη
1032 2201 1084 2266 ἐπὶ
1102 2203 1162 2285 τήν

160 2309 329 2396 εἴσπραξιν
356 2307 491 2394 παρέδυ.
538 2311 738 2393 δημηγορίας
765 2306 795 2372 δ’
823 2306 875 2372 ἐπὶ
898 2309 1027 2385 τούτοις
1049 2309 1162 2373 ποιού-

159 2438 273 2500 μενος,
305 2416 349 2490 ὡς
380 2417 447 2479 ἔστι
480 2425 580 2496 τριῶν
612 2416 750 2497 αἵρεσις,
782 2414 802 2498 ή
829 2415 869 2478 τά
896 2425 1039 2497 πομπεῖα
1066 2438 1163 2478 κατα-

159 2524 292 2586 κόπτειν
315 2519 335 2603 ή
354 2520 454 2584 πάλιν
476 2519 640 2603 εἰσφέρειν
662 2519 682 2602 ή
708 2523 784 2596 τοὺς
802 2519 995 2603 ὀφείλοντας
1012 2519 1162 2603 είσπράτ-

125 2648 140 2695 3
159 2651 245 2709 τειν,
273 2624 480 2710 αἱρουμένων
508 2628 640 2702 είκότοις
666 2625 760 2708 ὑμῶν
783 2629 859 2700 τοὺς
882 2626 1074 2710 ὀφείλοντας
1097 2626 1162 2689 είσ-

159 2733 323 2818 πράττειν,
341 2744 411 2807 ταῖς
428 2729 643 2815 ὑποσχέσεσιν
661 2729 806 2816 κατέχων
824 2729 878 2796 καὶ
899 2732 954 2795 διὰ
973 2733 1032 2795 τὸν
1045 2732 1162 2813 καιρὸν

161 2837 196 2914 ὃς
225 2832 267 2920 ήν
294 2834 360 2902 τότ’
388 2840 472 2922 ἔχων
500 2836 650 2914 ἐξουσίαν
678 2848 746 2912 τοῖς
772 2832 834 2920 μὲν
860 2835 1022 2919 κειμένοις
1047 2838 1164 2919 νόμοις

161 2943 221 3008 οὐκ
249 2941 328 3031 ᾤετο
356 2943 427 3008 δεῖν
455 2949 599 3028 χρῆσθαι
622 2940 710 3026 οὐδ’,
738 2943 769 3005 εί
790 2943 834 3025 μή
857 2942 994 3018 τούτους
1016 2940 1163 3026 ἐνόμιζεν

161 3051 305 3132 ἱκανούς,
328 3047 458 3134 ἑτέρους
480 3047 620 3130 τιθέναι,
643 3050 835 3131 ψηφίσματα
858 3045 888 3111 δ’
911 3042 1002 3112 εἶπεν
1026 3046 1061 3111 έν
1082 3046 1163 3130 ὑμῖν

161 3155 255 3219 δεινά
277 3153 331 3219 καὶ
353 3155 538 3241 παράνομα,
562 3152 605 3218 δι’
634 3148 680 3218 ὧν
703 3153 880 3238 ήργολάβει
901 3150 1078 3218 καὶπολλὰ
1097 3163 1163 3216 τῶν

159 3257 327 3346 ὑμετέρων
339 3260 491 3343 κέκλοφε,
509 3263 586 3336 τοὺς
600 3258 715 3324 ἕνδεκα
729 3259 856 3342 γράψας
870 3257 1070 3323 ἀκολουθεῖν
1083 3254 1159 3340 μεθ’

125 3385 142 3432 4
161 3366 272 3432 αὑτοῦ.
309 3361 364 3430 εἶτ’
389 3369 472 3450 ἔχων
495 3365 631 3441 τούτους
650 3360 702 3448 ἦγ’
726 3362 778 3428 ἐπὶ
796 3364 852 3438 τάς
870 3373 936 3427 τῶν
954 3367 1097 3427 πολιτῶν
1117 3363 1161 3426 οί-

160 3477 240 3549 κίοις.
276 3469 332 3536 καὶ
349 3473 407 3536 τὸν
427 3467 487 3554 μὲν
502 3466 702 3553 Εὐκτήμον’,
725 3468 764 3533 ὃν
784 3467 969 3553 εἰσπράξειν
987 3467 1163 3550 ήκαταθή-

162 3596 233 3642 σειν
251 3578 347 3652 αύτὸς
367 3578 427 3659 ἔφη
447 3576 504 3651 τάς
522 3575 687 3658 εἰσφοράς,
706 3569 806 3638 οὐδὲν
825 3569 911 3658 εἶχεν
930 3570 1075 3658 ἐλέγγειν
1089 3572 1164 3657 περὶ
