2670 3988
531 247 565 297 11.
585 244 746 298 ΠΛΑΤΩΝ.
1117 241 1138 304 5

136 429 216 481 νους
249 401 334 470 εἶναι
365 413 410 491 τῷ
441 404 584 488 πλὴδει.’
631 404 740 469 Ἧάνυ
771 401 828 487 γ”,
858 405 937 488 έφῃ,
968 402 1175 486 ῗγενναίαῖε

138 510 262 578 “Ταῦτά
280 534 316 574 τε
335 511 400 594 δὴ’,
419 513 513 595 έφῃν,
536 509 616 595 ρἔχοι
635 509 677 575 ἀν
695 508 749 574 καὶ
768 511 893 575 τούτων
913 511 996 573 ἀλλα
1014 507 1140 590 ἀδελφά

138 618 355 700 δημοκρατία,
386 614 441 680 καὶ
469 623 535 699 είιγ,
567 617 610 692 ὡς
637 618 759 698 έοικεν,
791 615 886 698 ἡδεία
913 617 1059 678 πολιτεία
1086 611 1141 676 καὶ

139 723 280 806 ἄναρχος
302 723 357 786 καί
378 726 521 806 ποικίλη,
545 721 677 804 ίσότῃτά
700 745 774 785 τινα
794 721 914 804 ὁμοίως
934 727 1017 795 ίσοις
1034 741 1068 782 τε
1087 714 1141 781 καὶ

138 826 266 903 ἀνίσοις
279 824 498 910 διανέμουσα.’
532 825 610 890 ‘Kal
625 825 699 910 μάλ’
706 826 728 910 ’,
746 829 823 910 ἔφη,
843 825 1002 909 ’γνώριμα
1016 821 1140 905 λέγεις’

480 1072 521 1137 ΙΙ.
548 1073 597 1137 De
620 1073 797 1158 tyrannide.

140 1200 259 1272 (Platon.
274 1219 332 1271 rep.
342 1201 408 1257 VIII
421 1219 448 1270 p.
460 1202 666 1260 566D—568A.
682 1202 888 1256 568D-569B.
903 1199 937 1256 cf.
949 1199 1052 1254 fascss
1066 1217 1092 1267 p.
1104 1199 1140 1266 3.)

210 1316 336 1370 Socrates
355 1318 504 1384 postquam
523 1316 684 1385 Adimanto,
703 1317 751 1386 qui
770 1317 874 1369 alteras
892 1316 987 1383 partes
1007 1313 1074 1382 agit,
1095 1313 1141 1366 de·

140 1386 315 1454 monstravit,
335 1387 474 1454 quomodo
490 1388 615 1441 homines
629 1405 763 1441 novarum
778 1403 870 1440 rernm
884 1383 980 1453 cupidi
993 1383 1142 1452 tyrannide

138 1456 225 1525 potiri
249 1457 382 1524 solerent,
408 1457 542 1511 describIt
566 1457 605 1511 sic
629 1457 820 1512 condicionem
843 1459 873 1510 et
889 1453 1010 1510 hominis
1029 1453 1142 1522 tyranni

141 1530 170 1581 et
188 1526 360 1595 reipublicae
378 1527 523 1594 tyrannice
543 1528 725 1583 constitutae:

205 1669 414 1754 Ἁιέλδωμεν
437 1673 478 1754 δὴ
500 1674 561 1756 τὴν
587 1671 827 1756 εὐδαιμονίαν’,
850 1665 892 1754 ἡν
916 1666 946 1734 δ’
970 1668 1049 1752 ἐγώ,
1072 1668 1176 1734 ‘conl

138 1799 173 1840 τε
196 1775 316 1858 ἀνδρὸς
338 1774 392 1840 καὶ
415 1785 471 1860 τῆς
492 1781 627 1859 πόλεως,
652 1777 688 1842 έν
711 1771 732 1864 ᾗ
757 1776 799 1841 ἀν
822 1777 839 1842 ὁ
863 1784 1010 1851 τοιοῦτος
1027 1777 1143 1859 βροτὸς

140 1879 334 1965 ἐγγένηταί
378 1881 487 1946 εΠάνυ
511 1879 571 1966 μὲν
595 1878 679 1964 οὖν’,
703 1885 779 1967 ἔφη,
803 1880 1020 1964 “διέλδωμεν.’
1060 1873 1139 1964 “Ἆρ’

141 1981 226 2070 οὖν’,
245 1983 350 2070 εἶπον,
369 1986 421 2052 ‘oti
439 2000 509 2064 ταῖς
527 1985 588 2071 μὲν
606 1989 751 2072 πρώταις
768 1986 903 2071 ἡμέραις
919 2010 953 2050 τε
967 1985 1022 2050 καὶ
1035 1989 1143 2072 χρόνῳ

140 2097 306 2178 προσγελᾷ
329 2113 363 2156 τε
386 2089 446 2158 παὶ,
462 2091 635 2170 ἀσπάζεται
653 2094 787 2176 πάντας,
810 2087 835 2180 ᾧ
855 2091 896 2156 ἀν
914 2091 1144 2176 περιτυγχάνῃ,

141 2194 195 2261 καὶ
219 2198 293 2261 οὔτε
316 2195 480 2281 τύραννός
501 2214 604 2281 φησιν
627 2193 729 2281 εἶναι,
756 2198 964 2281 ὑπισχνεῖταί
982 2219 1016 2260 τε
1039 2196 1144 2260 πολλά

140 2299 195 2365 καὶ
220 2303 288 2388 ἰδίᾳ
310 2301 365 2366 καὶ
389 2303 546 2388 δημοσίᾳ,
574 2313 680 2387 χρεῶν
702 2326 736 2367 τε
760 2301 984 2386 ἠλευθέρωσε,
1006 2298 1061 2365 καὶ
1083 2309 1144 2382 γῆν

141 2406 281 2491 διένειμε
301 2409 394 2494 δήμῳ
413 2431 447 2471 τε
465 2405 518 2471 καλ
536 2421 605 2484 τοῖς
623 2407 696 2490 περὶ
718 2406 847 2491 ἑαυτόν,
865 2406 920 2472 καὶ
937 2416 1038 2472 πᾶσιν
1052 2407 1145 2482 ἵλεώς

141 2537 175 2578 τε
189 2511 243 2580 καὶ
257 2522 360 2597 πρᾶος
374 2508 459 2578 εἶναι
472 2515 725 2597 προσποιεῖται;’
750 2511 927 2597 Ἥνάγιιῃζ
941 2515 1013 2598 έφῃ.
1036 2510 1146 2576 Ὅταν
1162 2528 1179 2575 2

141 2618 180 2684 δέ
200 2643 248 2703 γε,
271 2615 378 2703 οἶμαι,
404 2621 486 2704 πρὸς
507 2622 585 2695 τοὺς
608 2618 668 2697 ἔξω
694 2618 836 2704 ἐχθροὺς
858 2629 926 2695 τοῖς
948 2615 1008 2702 μὲν
1030 2623 1146 2682 καταλ-

142 2730 241 2810 λαγῃ,
264 2729 340 2802 τοὺς
364 2723 477 2790 δὲκαὶ
500 2726 696 2810 διαφθείρῃ,
718 2723 774 2789 καὶ
797 2724 915 2809 ἡσυχία
939 2723 1072 2789 ἐκείνων
1094 2720 1146 2805 γέ-

141 2854 253 2914 νηται,
280 2841 410 2914 πρῶτον
438 2827 498 2914 μὲν
525 2829 689 2913 πολέμους
715 2831 806 2906 τινάς
833 2829 883 2895 ἀεὶ
911 2841 1012 2911 κινεί,
1039 2827 1081 2893 ἵν’
1109 2827 1145 2892 ἐν

142 2938 235 3022 χρείᾳ
257 2935 416 3018 ἡγεμόνος
439 2936 457 3000 ὁ
481 2937 584 3020 δῆμος
606 2928 648 3021 if?
692 2935 803 3012 Ἓίκός
824 2935 882 3019 γε’
924 2934 1071 2999 Ὃύιιοῦν
1093 2932 1146 2998 καλ

141 3042 196 3105 λ’να
223 3042 370 3125 χρήματα
401 3038 608 3124 εἰσφέροντες
630 3038 764 3124 πένητες
787 3043 977 3124 γιγνόμενοι
999 3041 1080 3123 πρὸς
1101 3047 1145 3125 τῷ

141 3143 217 3210 καθ’
246 3143 370 3231 ἡμέραν
393 3144 637 3226 ἀναγκάζωνται
660 3141 745 3210 εἶναι
768 3142 824 3209 καὶ
848 3139 945 3241 ἡττον
968 3143 1056 3230 αὐτῷ
1079 3142 1146 3208 ἐπι-

141 3250 374 3334 βουλεύωσιν;’
413 3250 558 3332 ‘Action'
598 3249 676 3314 ‘Koct
699 3251 741 3314 ἀν
764 3249 804 3332 γέ
823 3273 925 3332 τινας,
944 3244 1045 3333 οἶμαι,
1067 3248 1180 3316 ὑπο-3

141 3358 241 3442 πτεόῃ
262 3357 420 3440 ἐλεύθερα
438 3357 636 3440 φρονήματα
655 3358 789 3441 ἔχοντας
804 3357 848 3438 μὴ
863 3353 1046 3439 ἐπιτρέψειν
1061 3356 1147 3441 αὐτῷ

141 3464 266 3547 ἀρχειν,
291 3462 378 3537 ὅπως
400 3461 442 3526 ἀν
460 3463 598 3538 τούτους
615 3463 695 3545 μετά
717 3461 912 3546 προφάσεως
931 3459 1077 3544 ἀπολλύῃ
1096 3459 1147 3523 ἐν·

143 3569 222 3644 δοὺς
249 3579 316 3644 τοῖς
342 3570 524 3651 πολεμίοις;
557 3569 686 3632 τούτων
714 3568 847 3631 πάντων
876 3565 970 3631 ἕνεκα
996 3566 1147 3652 τυράννῳ
