2670 3988
476 225 536 278 vn.
555 223 841 296 [Διιποεοωυιιεη
1118 225 1158 286 21

156 376 324 464 Ἑλλήνων
350 384 386 447 οί
410 388 587 460 Πλαταιεῖς
613 385 813 468 λαγχάνουσι
842 386 937 468 δίκην
964 396 1032 460 τοῖς
1058 387 1162 450 Λακε-

162 486 345 569 δαιμονίοις
362 491 410 564 είς
426 492 504 565 τοὺς
514 487 751 573 Ἁμφικτύονας
768 493 883 574 χιλίων
898 490 1066 554 ταλάντων
1079 485 1161 570 ὑπὲρ

161 601 226 655 τῶν
260 593 438 678 συμμάχων
469 591 523 658 καὶ
553 595 743 677 ἠνάγκασαν
773 594 892 671 αὐτοὺς
922 594 1163 672 ἐκκολάψαντας

160 696 200 759 τὰ
227 694 342 779 έλεγεῖ’
369 699 546 783 ἐπιγράψαι
572 700 629 776 τὰς
650 702 762 775 πόλεις
783 699 840 774 τάς
861 701 1086 776 κοινωνούσας
1103 709 1162 765 τοῦ

161 803 270 886 ἔργου.
300 805 414 889 διόπερ
433 803 544 880 αὐτοῖς
562 803 622 888 οὐχ
635 805 751 886 ἥκιστα
764 805 1009 889 παρηκολούθει
1023 805 1043 887 η
1059 808 1162 890 ἔχθρα

160 907 181 990 ἡ
208 908 296 992 παρά
318 911 592 992 Λακεδαιμονίων
619 907 674 974 καὶ
701 908 737 974 έκ
764 919 823 974 τοῦ
850 908 967 992 γένους
988 919 1048 976 τοῦ
1071 914 1163 994 βασι-

161 1015 262 1077 λείου.

227 1116 295 1182 Καὶ
317 1117 353 1181 ἐν
375 1113 436 1200 μὲν
458 1127 503 1205 τῷ
526 1123 665 1204 παρόντι
682 1119 744 1184 οὐκ
762 1115 851 1204 εἶχον
871 1119 982 1195 αὐτοῖς
1000 1119 1018 1184 ὅ
1036 1145 1067 1184 τι
1085 1123 1162 1205 χρη-

161 1239 282 1288 σωνται
313 1223 348 1288 οἱ
368 1224 642 1308 Λακεδαιμόνιοι,
670 1223 809 1309 ὕστερον
839 1221 868 1288 δ’
899 1225 942 1299 ὡς
968 1221 1158 1306 πεντήκοντ’

161 1329 266 1394 ἔτεσιν
287 1325 479 1413 Ἀρχίδαμος
504 1328 522 1393 ὁ
546 1327 752 1412 Ζευξιδάμου
775 1331 1047 1412 Λακεδαιμονίων
1070 1333 1162 1412 βασι-

161 1435 236 1509 λεὺς
258 1434 390 1518 εἰρήνης
413 1433 514 1516 οὔσης
536 1432 740 1518 ἐνεχείρησεν
762 1433 871 1499 αὐτῶν
888 1437 1083 1517 καταλαβεῖν
1100 1436 1161 1519 τὴν

161 1541 268 1603 πόλιν.
305 1538 421 1622 ἔπραξε
445 1534 481 1602 δὲ
504 1536 592 1604 ταῦτ’
616 1537 658 1610 έκ,
670 1543 789 1622 Θηβῶν
813 1536 858 1604 δι’
880 1539 1080 1624 Εὐρυμάχου
1102 1550 1161 1606 τοῦ
1182 1551 1214 1600 10

161 1643 366 1709 Λεοντιάδου
384 1645 675 1728 βοιωταρχοῦντος,
694 1642 896 1721 ἀνοιξάντων
912 1645 970 1720 τὰς
986 1645 1090 1721 πύλας
1105 1637 1265 1731 τῆςῗῑῦἳῇι

161 1750 279 1824 νυκτὸς
313 1749 525 1812 Ναυκλείδου
565 1746 620 1813 καὶ
660 1750 771 1814 ἀλλων
811 1759 910 1813 τινῶν
950 1746 1019 1832 μετ’
1060 1750 1162 1815 αὐτοῦ
1194 1745 1233 1784 ⁴⁸¹

160 1852 367 1918 πεισθέντων
402 1855 574 1937 χρήμασιν.
627 1855 821 1938 αίσθόμενοι
858 1851 888 1918 δ’
921 1854 956 1919 οί
988 1859 1163 1932 Πλαταιεῖς
1176 1847 1264 1950 ξζξχ

162 1959 261 2023 ε”νδον
289 1958 385 2034 ὄντας
411 1961 489 2034 τοὺς
513 1959 761 2042 Θηβαίους-της
787 1961 905 2035 νυκτὸς
931 1957 985 2023 καὶ
1012 1958 1162 2043 ἐξαπίνης

162 2063 271 2128 αὑτῶν
293 2064 354 2146 την
376 2065 473 2128 πόλιν
496 2063 532 2128 ἐν
555 2066 668 2149 είρηνη
691 2063 960 2148 κατειλημμένην,
982 2067 1161 2150 προσεβοή-

161 2175 249 2234 θουν
277 2165 332 2233 καὶ
358 2166 532 2234 αὐτοίκαὶ
559 2169 802 2235 συνετάττοντο.
847 2167 902 2234 καὶ
925 2169 1035 2254 ἐπειδὴ
1058 2170 1163 2256 ἡμέρα

162 2272 291 2355 ἐγένετο
320 2272 375 2337 καὶ
404 2269 495 2339 εἶδον
525 2273 566 2339 οὐ
594 2277 737 2351 πολλοὺς
763 2277 859 2351 ὄντας
886 2277 963 2350 τοὺς
986 2278 1162 2360 Θηβαίους,

163 2378 245 2443 ἀλλὰ
268 2381 345 2454 τοὺς
367 2381 517 2463 πρώτους
539 2378 647 2444 αὐτῶν
666 2382 919 2462 εἰσεληλυθότας
931 2417 975 2426 -
988 2381 1080 2464 ὕδωρ
1099 2381 1161 2466 γάρ

162 2487 342 2567 γενόμενον
369 2491 426 2566 τῆς
452 2485 570 2558 νυκτὸς
596 2487 681 2548 πολὺ
709 2483 872 2548 ἐκώλυσεν
899 2483 1019 2562 αὐτοὺς
1040 2486 1163 2562 πάντας

39 2654 41 2660 s
162 2591 343 2654 εἰσελθεῖν·
376 2588 394 2653 ὁ
424 2589 486 2674 γὰρ
505 2586 650 2664 Ἀσωπὸς
678 2591 822 2672 ποταμὸς
850 2587 949 2673 μέγας
979 2589 1078 2674 έρράη
1108 2588 1163 2655 καὶ

163 2696 317 2778 διαβῆναι
336 2692 377 2758 οὐ
396 2690 514 2780 ῥᾴδιον
532 2690 586 2777 ἦν,
603 2695 709 2770 άλλως
726 2717 760 2758 τε
779 2691 834 2759 καὶ
851 2697 968 2771 νυκτός
981 2732 1024 2740 -
1039 2697 1083 2772 ὡς
1101 2691 1162 2761 οὖν
1182 2711 1213 2762 11

163 2795 253 2865 εἶδον
286 2799 321 2863 oc
347 2803 523 2875 Πλαταιεῖς
552 2802 630 2875 τοὺς
660 2802 824 2882 Θηβαίους
853 2798 889 2864 έν
918 2807 957 2883 τῇ
986 2802 1079 2864 πόλει
1108 2797 1163 2866 καὶ

163 2905 327 2986 ἔγνωσαν,
353 2904 403 2968 ὅτι
425 2904 466 2970 οὐ
488 2904 606 2981 πάντες
628 2905 795 2988 πάρεισιν,
818 2903 1017 2969 ἐπιτίθενται
1040 2903 1094 2969 καὶ
1115 2906 1163 2982 είς

163 3008 270 3092 μάχην
298 3009 452 3086 ἐλθόντες
478 3019 634 3095 κρατοῦσι
656 3009 711 3074 καὶ
733 3010 924 3094 φθάνουσιν
946 3008 1163 3087 ἀπολέσαντες

163 3113 293 3196 αὐτούς,
315 3111 394 3197 πρὶν
416 3117 493 3191 τοὺς
515 3116 636 3192 άλλους
657 3119 918 3199 προσβοηθῆσαι,
940 3111 994 3178 καὶ
1017 3113 1061 3190 ὡς
1079 3115 1163 3198 ὑμᾶς

163 3218 348 3302 πέμπουσιν
371 3217 474 3297 εὐθὺς
496 3221 636 3303 ἄγγελον
654 3221 714 3302 την
733 3243 766 3284 τε
784 3218 902 3305 πρᾶξιν
921 3219 1090 3304 φράσοντα
1107 3222 1162 3285 καὶ

163 3325 222 3406 τὴν
245 3325 351 3409 μάχην
374 3320 563 3407 δηλώσονθ’
585 3325 635 3389 ὅτι
656 3336 782 3408 νικῶσι,
804 3323 858 3390 καὶ
876 3327 1015 3408 βοηθεῖν
1033 3322 1162 3401 ἀξιοῦν·

163 3452 229 3512 τες,
257 3429 298 3494 άν
323 3431 359 3495 οί
379 3434 519 3514 Θηβαῖοι
542 3432 601 3514 τὴν
624 3432 732 3516 χώραν
756 3430 863 3496 αὐτῶν
887 3429 1020 3514 δηοῖισιν.
1065 3427 1163 3495 ἀκοά-

162 3552 277 3611 σαντες
304 3532 334 3598 δ’
362 3535 397 3600 οί
414 3533 585 3618 Ἀθηναῖοι
607 3536 647 3599 τά
669 3540 827 3617 γεγονότα
850 3534 905 3600 διά
928 3534 1046 3620 τάχους
1069 3533 1162 3618 ἐβοή-
