2670 3988
154 175 197 238 32
479 178 526 231 1x.
546 175 833 247 [κακοεοκηωεη

156 343 234 423 στῷ,
256 334 429 419 ἐπόγδοον,
451 333 617 412 σωθέντος
635 331 673 400 δέ
691 345 750 401 τοῦ
768 339 886 401 πλοίου
901 331 1159 418 ’ζ’Λθηναζ-ἀπο

103 455 135 504 12
156 442 273 506 δοῦναι
297 441 376 508 αὐτὸ
400 439 454 506 καὶ
477 444 554 518 τοὺς
576 443 707 523 τόκους,
735 439 789 505 καὶ
811 439 939 525 πέμψας
960 440 1159 523 Εὐκτήμονα

126 548 213 612 τὸυ
239 548 581 677 πεντηκόηταρχονί
550 570 596 623 ες
618 546 818 630 Λάμψακον,
846 547 925 622 δοὺς
947 545 1035 631 αὐτῷ
1058 543 1159 630 ἀργύ-

155 675 229 733 ριον
256 650 310 716 καὶ
338 652 509 737 γράμματα
535 653 616 736 πρὸς
638 655 714 728 τοὺς
737 650 851 728 ξένους
873 661 933 716 τοῦ
956 653 1076 735 πατρὸς
1097 661 1158 716 τοῦ

156 756 247 840 ἐμοῦ,
271 755 424 822 ἐκέλευσά
446 781 502 840 μοι
525 757 627 822 αῦτὸν
649 757 770 833 ναύτας
792 757 1026 841 μισθώσασθαι
1050 755 1093 832 ὡς
1115 755 1158 820 ἀν

156 862 295 945 δύνηται
317 860 486 946 ἀρίστους·
515 861 612 937 αὐτὸς
635 859 665 925 δ’
687 860 866 946 ὑπομείνας
889 860 926 926 έν
948 865 1066 947 Σηστῷ
1089 872 1158 938 τοίς

155 990 190 1032 τε
217 970 436 1052 παραμείνασι
462 977 529 1032 τῶν
551 966 697 1052 ἀρχαίων
719 978 851 1032 ναυτῶν
873 967 979 1031 έδωκά
1002 989 1049 1050 τι,
1076 965 1157 1032 ὅσον

60 1155 65 1165 Ι
155 1068 257 1158 εἶχον,
280 1071 392 1154 ἐπειδή
415 1094 471 1154 μοι
495 1071 513 1136 ὁ
536 1074 655 1156 χρόνος
677 1071 768 1155 ἐξῆκε
786 1079 843 1154 τῆς
860 1075 1080 1156 τριηραρχίας,
1103 1068 1157 1136 καὶ

156 1176 285 1264 ἑτέρους
312 1177 434 1253 ναύτας
461 1175 716 1260 ἐντελομίσθους
740 1175 961 1260 προσέλαβον,
989 1176 1025 1242 έν
1048 1176 1157 1264 ὅσωδ

156 1284 335 1369 στρατηγὸς
356 1284 415 1348 τὸν
435 1281 605 1346 ἀνάπλουν
623 1283 683 1346 τὸν
702 1277 752 1366 ἐφ’
770 1279 875 1367 Ἱερὸν
893 1283 1158 1367 παρεσκευάζετο.

104 1404 135 1452 13
155 1387 268 1472 ἐπειδὴ
293 1383 322 1452 δ’
346 1386 364 1451 ὅ
387 1384 418 1452 τ’
438 1386 621 1471 Εὐκτήμων
642 1381 720 1470 ἧκεν
739 1385 774 1451 έκ
793 1396 848 1470 τῆς
861 1387 1047 1470 Λαμψάκου
1067 1388 1157 1470 άγων

36 1505 40 1520 “
155 1497 232 1570 τοὺς
254 1494 387 1574 ναύτας,
410 1492 468 1569 οὓς
487 1491 705 1576 ἐμισθώσατο,
727 1490 782 1556 καὶ
801 1493 818 1558 ὁ
838 1495 1017 1578 στρατηγὸς
1033 1495 1158 1578 παρηγ-

155 1604 264 1682 γειλεν
287 1597 481 1680 ἀνάγεσθαι,
505 1606 549 1684 τῷ
574 1593 634 1680 μὲν
660 1597 846 1682 Εύκτημονι
869 1596 1051 1681 ἀσθενῆσαι
1074 1596 1158 1675 έξαί-

155 1727 241 1788 φνης
267 1700 405 1786 συνέβη,
433 1700 488 1767 καὶ
509 1702 597 1767 πάνυ
619 1713 770 1785 πονηρῶς
793 1700 939 1786 διετέθη·
969 1704 1074 1790 τούτῳ
1097 1699 1158 1786 μὲν

156 1805 217 1874 οὖν
249 1809 394 1884 ἀποδοὺς
422 1810 480 1872 τὸν
510 1809 633 1891 μισθὸν
663 1806 717 1872 καὶ
747 1806 864 1892 έφόδια
893 1806 1052 1892 προσθεὶς
1080 1806 1157 1872 ἀπέ-
1228 1791 1233 1802 ’

155 1925 266 1997 πεμψα
289 1914 413 1979 οίκαδε·
437 1911 534 1988 αὐτὸς
557 1907 594 1976 δέ
616 1915 898 1998 πεντηκόνταρχον
917 1912 1028 1997 ἕτερον
1047 1914 1158 1997 λαβὼν

156 2017 326 2102 ἀνηγόμην
357 2015 410 2082 έπὶ
441 2018 502 2100 την
530 2019 751 2101 παραπομπὴν
780 2025 839 2082 τοῦ
869 2021 978 2101 σίτου,
1009 2015 1064 2082 καὶ
1093 2017 1160 2082 έκεί

154 2121 343 2208 περιέμεινα
370 2119 465 2186 πέντε
488 2120 543 2186 καί
565 2118 796 2207 τετταράκονθ’
818 2120 954 2207 ἡμέρας,
982 2121 1043 2198 ἕως
1066 2123 1083 2188 δ
1108 2125 1158 2187 ἔκ-

155 2233 258 2304 πλους
281 2224 346 2293 τῶν
369 2230 494 2290 πλοίων
516 2236 582 2290 τῶν
603 2223 670 2309 μετ’
689 2224 872 2311 ἀρκτοῦρον
892 2226 927 2291 έκ
945 2235 1004 2292 τοῦ
1022 2229 1158 2292 Πόντου

104 2350 137 2398 14
156 2331 302 2416 ἐγένετο,
329 2342 394 2397 τῶν
423 2332 553 2396 οἰκείων
580 2355 636 2415 μοι
662 2332 862 2416 πραγμάτων
889 2332 1049 2397 τοιούτων
1077 2349 1157 2416 συμ-

155 2441 342 2523 βεβηκότων
373 2436 409 2501 ἐν
438 2444 483 2523 τῷ
513 2438 587 2501 τότε
615 2445 735 2524 καιρῷ,
764 2433 846 2501 ὥσθ’
874 2437 959 2521 ὑμᾶς
988 2436 1030 2502 ἀν
1060 2436 1157 2502 ἀκού-

156 2561 275 2619 σαντας
294 2541 433 2625 ἐλεῆσαι.
459 2541 479 2624 ἡ
499 2540 559 2624 μέν
578 2565 614 2624 γε
633 2543 738 2627 μήτηρ
757 2543 876 2625 ἔκαμνε
894 2540 948 2607 καὶ
962 2541 1158 2619 έπιθάνατος

154 2644 197 2733 ἣν
220 2647 301 2733 έμοῦ
327 2645 593 2730 ἀποδημοῦντος,
621 2647 703 2711 ὥστε
726 2648 770 2731 μὴ
794 2647 958 2712 δύνασθαι
984 2644 1026 2710 ἔτ’
1054 2647 1157 2731 αὐτὴν

155 2757 321 2838 βοηθῆσαι
349 2761 418 2828 τοῖς
448 2751 537 2835 έμοῑς
564 2751 753 2836 πράγμασιν
782 2749 1007 2835 ἀνηλωμένοις
1034 2749 1105 2817 ἀλλ’
1137 2751 1157 2835 ᾖ

155 2857 285 2944 βραχέα.
315 2854 440 2932 ἑκταῖος
457 2857 519 2941 γάρ
534 2857 624 2939 ἥκων
639 2856 830 2942 ἐτύγχανον,
848 2854 903 2921 καὶ
918 2855 1025 2938 έκείυη
1040 2858 1158 2922 ἰδοῦσά

156 2987 195 3048 με
224 2961 279 3028 καὶ
306 2972 531 3046 προσειποῦσα
561 2963 622 3046 τὴν
649 2963 759 3047 ψυχὴν
786 2961 927 3046 ἀφῆκεν,
958 2960 1065 3027 οὐκέτι
1092 2973 1159 3027 τῶν

156 3072 262 3134 όντων
292 3069 390 3152 κυρία
423 3062 522 3151 οὖσα,
559 3067 641 3132 ὥστε
674 3068 792 3132 δοῦναι
824 3065 876 3132 ὅσ’
908 3068 1061 3152 ἐβούλετό
1093 3091 1158 3151 μοι.

155 3172 311 3248 πολλάκις
334 3170 371 3236 δὲ
393 3175 554 3257 πρότερον
577 3170 792 3256 μετεπέμπετό
815 3196 866 3256 με,
888 3170 1066 3257 ἀφικέσθαι
1086 3174 1158 3238 δεο-

105 3297 136 3346 15
156 3279 237 3364 μένη
262 3276 375 3360 αὐτόν,
397 3279 428 3342 εί
449 3279 493 3362 μὴ
516 3286 554 3362 τῇ
577 3280 702 3363 τριηρει
726 3269 798 3343 οἷόν
821 3275 847 3341 τ’
871 3284 930 3361 είη.
966 3273 1043 3362 ἡδὲ
1062 3281 1159 3362 γυνη,

154 3384 197 3468 ἣν
220 3383 283 3466 ἐγὼ
305 3381 380 3468 περὶ
403 3385 556 3448 πλείστου
579 3392 747 3465 ποιοῦμαι,
771 3382 920 3459 ἀσθενῶς
942 3382 1080 3448 διέκειτο
1098 3403 1158 3448 πο-

156 3491 218 3553 λὺν
241 3490 362 3572 χρόνον
386 3486 422 3552 έν
444 3495 483 3572 τῇ
507 3487 566 3572 ἐμῇ
589 3486 767 3573 ἀποδημίᾳ·
789 3488 830 3551 τά
853 3484 890 3551 δὲ
911 3489 1027 3552 παιδία
1046 3487 1158 3573 μικρά,
