2670 3988
184 211 225 274 16
537 211 582 262 v1.
601 209 834 260 ATKOTProz.

181 369 350 452 τησάντων
377 369 459 453 πρὸς
486 369 667 451 Θηβαίους,
697 363 776 447 ὑπὲρ
805 361 842 431 δέ
868 375 934 430 τῶν
961 367 1088 430 παίδων
1115 376 1183 430 τῶν

177 471 378 555 Ἡρακλέους
403 476 485 559 πρὸς
512 474 573 556 τήν
599 471 801 557 Εὐρυσθέως
828 470 987 554 δύναμιν,
1018 473 1094 546 τοὺς
1121 467 1182 555 μὲν

183 578 490 661 ἐπιστρατεύσαντες
525 577 715 661 ἠνάγκασαν
751 575 934 642 ἀποδοῦναι
968 576 1076 653 θάψαι
1106 579 1182 652 τούς

182 687 320 766 νεκροὺς
342 693 410 759 τοῖς
427 686 641 767 προσήκουσι,
664 684 943 764 Πελοποννησίων
961 677 999 745 δὲ
1015 684 1093 758 τοὺς
1110 679 1176 765 μετ’

182 787 385 872 Εὐρυσθέως
419 790 466 863 εἰς
497 790 557 870 τήν
589 789 699 872 χώραν
729 787 824 872 ἡμῶν
851 788 1062 869 είσβαλόντας
1092 785 1181 864 ἐπεξ-

182 895 337 971 ελθόντες
374 892 529 976 ἐνίκησαν
565 896 744 978 μαχόμενοι
779 892 931 957 κάκεῖνον
966 900 1022 974 τής
1056 891 1182 977 ὕβρεως

32 1063 35 1070 .
148 1015 163 1064 9
183 1001 338 1064 ἔπαυσαν.
373 1001 617 1082 θαυμαζόμενοι
641 995 678 1064 δὲ
700 1000 754 1062 καλ
778 998 833 1062 διά
854 998 912 1074 τάς
933 998 1034 1072 άλλας
1050 997 1182 1081 πράξεις

183 1103 218 1170 ἐκ
236 1106 361 1169 τούτων
379 1115 446 1168 τῶν
464 1105 570 1186 ἐργων
589 1106 636 1168 ἐτι
654 1109 779 1187 μᾶλλον
798 1101 1026 1186 εὐδοκίμησαν.
1058 1101 1099 1169 οὐ
1118 1103 1181 1188 γάρ

183 1210 269 1294 παρά
293 1209 411 1294 μικρὸν
434 1207 604 1291 ἐποίησαν,
625 1208 708 1273 ἀλλὰ
730 1218 889 1274 τοσούτω
912 1207 968 1282 τὰς
989 1208 1087 1291 τύχας
1109 1205 1182 1272 ἐκα-

181 1312 285 1397 τέρων
303 1311 517 1397 μετήλλαξαν,
539 1309 622 1376 ὥσθ’
646 1313 664 1378 δ
687 1309 748 1397 μὲν
770 1313 925 1378 ἱκετεύειν
942 1310 1026 1394 ἡμᾶς
1043 1310 1182 1390 ἀξιώσας

181 1422 239 1506 βίᾳ
264 1430 331 1485 τῶν
358 1418 489 1504 ἐχθρῶν
516 1417 639 1484 ἅπανθ’
667 1419 756 1484 ὅσων
779 1418 900 1500 ἐδεήθη
924 1415 1182 1501 διαπραξάμενος

182 1523 342 1607 ἀπῆλθεν,
365 1523 560 1605 Εὐρυσθεύς
584 1518 620 1588 δὲ
642 1523 816 1607 βιάσεσθαι
839 1523 1067 1607 προσδοκήσας
1084 1522 1182 1600 αὐτὸς

182 1628 384 1713 αἰχμάλωτος
415 1631 591 1711 γενόμενος
624 1629 729 1712 ἱκέτης
755 1627 948 1711 ἠναγκάσθη
975 1637 1182 1711 καταστῆναι,

132 1750 162 1797 10
181 1731 236 1798 καὶ
258 1744 302 1821 τῷ
325 1729 387 1817 μέν
408 1732 659 1816 ύπερενεγκόντι
682 1736 741 1817 τήν
764 1732 980 1816 ἀνθρωπίνην
1002 1733 1121 1817 φύσιν,
1146 1733 1182 1810 ὃς

182 1837 218 1902 ἐκ
240 1841 323 1915 Διὸς
345 1834 406 1922 μὲν
427 1839 588 1921 γεγονώς,
617 1840 665 1903 ἐτι
688 1834 725 1902 δέ
747 1840 870 1922 θνητὸς
892 1838 939 1902 ὢν
961 1842 1045 1904 θεοῦ
1067 1839 1181 1923 ῥώμην

182 1946 272 2028 ἔσχε,
299 1944 403 2030 τούτῳ
431 1939 492 2027 μὲν
521 1942 697 2008 ἐπιτάττων
720 1941 773 2007 καὶ
796 1946 1034 2027 λυμαινόμενος
1055 1943 1182 2008 ἅπαντα

181 2050 240 2113 τὸν
262 2052 385 2133 χρόνον
408 2047 605 2131 διετέλεσεν,
633 2048 743 2131 ἐπειδή
767 2045 797 2113 δ’
820 2049 866 2124 είς
887 2047 971 2132 ἡμᾶς
993 2046 1181 2132 ἐξήμαρτεν,

181 2155 229 2230 είς
254 2155 416 2237 τοσαύτην
439 2152 573 2237 κατέστη
597 2155 796 2236 μεταβολήν,
822 2150 897 2218 ὥστ’
925 2151 977 2217 ἐπὶ
999 2164 1067 2229 τοῖς
1088 2153 1181 2218 παισὶ

181 2269 249 2335 τοῖς
276 2259 403 2324 ἐκείνου
430 2262 607 2342 γενόμενος
630 2257 858 2335 ἐπονειδίστως
879 2261 937 2323 τὸν
959 2260 1034 2340 βίον
1056 2257 1181 2324 ἐτελεύ-

181 2381 288 2448 τησεν.
615 2377 616 2382 ’

278 2625 334 2690 VI.
357 2625 458 2692 Dulce
482 2631 515 2691 et
538 2628 688 2692 decorum
711 2629 760 2690 est
782 2647 840 2709 pro
864 2625 971 2710 patria
993 2624 1083 2689 mori.

241 2829 244 2836 ρ
313 2755 439 2824 (Lyeurg.
454 2755 483 2808 in
497 2755 590 2810 Leocr.
606 2762 620 2821 5
634 2761 746 2810 46-51.
766 2754 822 2809 vid.
837 2756 905 2809 λαεο.
920 2755 943 2808 ΙΙ
959 2756 1050 2824 ρ.13.)

252 2885 388 2954 Loquitur
410 2888 503 2940 orator
521 2886 556 2939 de
575 2885 628 2954 eis,
651 2884 699 2953 qui
717 2885 794 2954 apud
812 2885 999 2940 Chaeroneam
1018 2903 1068 2955 pro
1088 2887 1181 2956 patria

183 2959 341 3028 pugnantes
360 2955 464 3010 mortui
482 2959 554 3010 sunt.

151 3134 162 3180 1
249 3116 297 3180 Αί
312 3127 377 3181 τῶν
396 3115 532 3199 ἀγαθῶν
551 3115 682 3201 ἀνδρῶν
700 3116 847 3199 εὐλογίαι
864 3119 923 3182 τὸν
942 3119 1075 3203 ἔλεγχον
1093 3127 1180 3202 σαφῆ

183 3222 263 3286 κατὰ
294 3231 359 3286 τῶν
389 3221 544 3286 τάναντία
572 3221 830 3304 ἐπιτηδευόντων
857 3232 1019 3288 ποιοῦσιν.
1070 3225 1116 3288 ἐτι
1144 3219 1181 3287 δέ

184 3325 238 3392 καὶ
257 3328 386 3391 δίκαιον
405 3329 463 3391 τὸν
482 3329 628 3409 ἔπαινον,
648 3325 684 3403 ὃς
701 3330 801 3410 μόνος
815 3322 922 3393 ἆθλον
935 3339 1001 3392 τῶν
1014 3329 1181 3392 κινδύνων

183 3443 251 3508 τοῖς
268 3432 408 3515 ἀγαθοῖς
424 3429 585 3511 ἀνδράσιν
604 3429 683 3512 ἐστί,
701 3441 829 3514 τοῦτον,
848 3431 958 3514 ἐπειδή
977 3430 1122 3496 κάκεῖνοι
1136 3433 1182 3508 εἰς

183 3537 242 3618 τήν
252 3535 368 3617 κοινήν
378 3537 542 3617 σωτηρίαν
551 3544 607 3617 τῆς
615 3537 740 3611 πόλεως
749 3535 1095 3620 τάςψυχάςτάςαύτῶν
1103 3534 1181 3599 ἀνά-
