2670 3988
457 237 528 287 XIV.
547 234 809 288 ΔΗΜΟΣΘΕΝΗΣ.
1093 233 1136 296 55

132 393 271 477 τούτων,
289 394 374 477 ὑμᾶς
393 391 422 458 δ’
441 392 659 478 εἰσέπραττεν,
678 395 787 478 ὥσπερ
806 394 846 460 ού
865 395 920 459 διά
937 396 997 477 τήν
1012 393 1137 477 Ιάἀκτή-

133 522 235 582 μονος
253 501 378 584 ἔχθραν
396 496 448 563 ἐπὶ
466 496 554 563 ταῦτ’
574 498 696 582 ἐλθών,
714 499 797 564 ἀλλά
816 501 871 564 διά
889 500 951 582 τήν
968 497 1136 584 ὑμετέραν.

200 603 266 668 Καὶ
293 603 408 688 μηδεὶς
429 602 686 687 ὑπολαμβανέτω
709 627 748 688 με
772 602 896 688 λέγειν,
924 605 968 680 ὑς
990 605 1031 670 οὐ
1054 613 1172 689 χρήν5

134 710 338 793 εἰσπράττειν
365 713 442 786 τοὺς
469 710 671 794 ὀφείλοντας.
715 719 799 795 χρήν
826 711 899 794 γάρ.
944 709 1027 774 ἀλλά
1054 719 1136 786 πῶς;

134 815 178 891 ὡς
201 815 219 880 ὑ
241 818 343 898 νόμος
364 816 503 881 κελεύει·
527 825 593 880 τῶν
611 817 722 901 ἀλλων
741 814 847 880 ἕνεκα·
871 824 968 880 τοῦτο
987 815 1049 899 γάρ
1069 813 1138 879 ἐστι

135 921 320 1003 δημοτικόν.
373 921 413 986 οὐ
447 921 510 1006 γάρ
540 929 715 1002 τοσοῦτον,
751 916 776 988 ὦ
811 921 930 1005 ἀνδρες
955 915 1137 1004 Ἀθηναῖοι,

134 1025 302 1090 τοσούτων
324 1025 498 1111 χρημάτων
517 1035 635 1090 τοῦτον
652 1027 711 1091 τὸν
729 1028 852 1110 τρόπον
870 1023 1137 1110 εἰσπραχθέντων

136 1128 327 1214 ἀφέλησθε,
364 1131 444 1196 ὅσον
476 1129 656 1214 ἐζημίωσθε
688 1131 848 1196 τοιούτων
879 1129 969 1195 ἐθῶν
1000 1132 1046 1206 εἰς
1076 1131 1137 1213 τήν

135 1238 303 1300 πολιτείαν
326 1233 557 1318 εἰσαγομένων.
602 1237 634 1299 εἰ
654 1237 717 1318 γάρ
739 1232 846 1300 θέλετ’
869 1234 1026 1318 ἐξετάσαι,
1048 1239 1137 1312 τίνος

136 1339 231 1406 ἕνεκα
258 1346 384 1424 μᾶλλον
412 1342 453 1406 ἀν
479 1365 528 1417 τις
555 1335 653 1406 ἕλοιτ’
682 1340 718 1406 ἐν
746 1342 949 1427 δημοκρατίᾳ
977 1344 1033 1419 ζν
1056 1339 1076 1423 ή
1100 1339 1136 1405 ἐν

136 1446 322 1533 ὀλιγαρχίᾳ,
344 1445 431 1512 τοῦτ’
455 1446 497 1513 ἀν
520 1447 646 1532 εὕροιτε
669 1451 938 1532 προχειρότατον,
961 1446 1011 1511 ὅτι
1032 1447 1137 1512 πάντα

135 1549 287 1635 πραότερ’
317 1550 406 1617 ἐστὶν
438 1551 474 1616 ἐν
508 1553 718 1638 δημοκρατίᾳ.
771 1553 820 1617 ὅτι
847 1548 908 1635 μὲν
937 1555 1052 1617 τοίνυν
1081 1561 1172 1635 τήςο

136 1655 221 1721 ὅπου
248 1653 405 1739 βούλεσθ’
430 1657 619 1742 ὀλιγαρχίας
642 1653 737 1733 οὗτος
759 1655 989 1742 ἀσελγέστερος
1010 1655 1137 1739 γέγονε,

135 1765 335 1845 παραλείψω.
371 1762 454 1826 ἀλλά
476 1759 551 1846 παρ’
574 1763 653 1847 ήμίν
674 1765 752 1827 πότε
774 1763 903 1828 πώποτε
921 1760 1079 1827 δεινότατ’
1102 1759 1138 1826 ἐν

136 1876 175 1951 τῇ
202 1871 296 1932 πόλει
323 1865 475 1950 γέγονεν;
506 1866 557 1932 ἐπὶ
585 1878 651 1933 τῶν
673 1867 863 1952 τριάκοντα,
889 1867 1007 1942 πάντες
1029 1865 1070 1932 ἀν
1093 1874 1137 1932 εἰ·

135 1994 235 2038 ποιτε.
272 1976 343 2038 τότε
366 1976 492 2056 τοίνυν,
516 1973 559 2049 ὡς
582 1975 670 2038 ἔστιν
693 1972 838 2056 ἀκούειν,
861 1973 922 2037 οὐκ
943 1975 1032 2037 ἔστιν
1050 1971 1138 2048 ὅστις

136 2077 342 2163 ἀπεστερεῖτο
369 2088 429 2144 τοῦ
456 2083 623 2161 σωθῆναι,
653 2078 689 2154 ὃς
716 2075 834 2144 ἑαυτὸν
861 2084 947 2143 οἰκοι
970 2079 1137 2163 κρύψειεν,

136 2182 219 2247 ἀλλά
245 2194 342 2249 τοῦτο
369 2194 587 2267 κατηγοροῦσι
614 2195 680 2249 τῶν
707 2184 896 2269 τριάκοντα,
924 2184 974 2248 ότι
1002 2185 1080 2257 τοὺς
1103 2181 1138 2247 ἐκ

136 2297 192 2372 τῆς
214 2288 336 2373 ἀγορᾶς
353 2288 489 2372 ἀπῆγον.
522 2285 618 2366 οὗτος
636 2293 750 2355 τοίνυν
768 2290 931 2373 τοσαύτην
949 2289 1137 2373 ὑπερβολήν

136 2394 311 2478 ἐποιήσατο
334 2403 391 2477 τῆς
414 2393 532 2460 ἑαυτοῦ
554 2396 745 2480 βδελυρίας,
772 2391 848 2460 ὥστ’
878 2393 915 2458 ἰν
937 2395 1139 2480 δημοκρατίᾳ

136 2504 388 2584 πολιτευόμενος
417 2501 477 2583 τήν
508 2501 597 2564 ἰδίαν
626 2502 734 2565 οἰκίαν
762 2497 885 2587 ε’κάστῳ
913 2501 1138 2584 δεσμωτήριον

136 2609 276 2689 καθίστη
300 2609 377 2682 τοὺς
400 2604 515 2670 ἕνδεκα
538 2607 628 2688 ἀγων
653 2602 704 2669 ἰπὶ
727 2604 784 2680 τάς
806 2607 919 2681 οἰκίας.
963 2608 1085 2687 καίτοι,
1112 2602 1173 2670 ότι

133 2705 320 2795 Ἀθηναῖοι,
349 2715 384 2775 τί
410 2717 539 2795 οἰεσθε,
568 2709 657 2776 ὁπότ’
684 2712 861 2795 ἀνθρωπος
890 2708 1005 2793 πένης,
1034 2709 1055 2793 ή
1084 2710 1139 2775 καί

136 2818 309 2899 πλούσιος,
340 2818 444 2881 πολλά
477 2800 507 2881 δ’
537 2816 712 2900 ἀνηλωκὼς
741 2819 798 2880 καί
822 2809 884 2879 τιν’
912 2821 990 2910 ἴσως
1016 2819 1138 2899 τρόπον

137 2924 269 2998 εἰκότως
296 2922 357 2987 οὐκ
383 2922 534 3006 εὐπορῶν
562 2920 723 3007 ἀργυρίου
751 2920 771 3004 ή
794 2919 886 3003 τέγος
909 2920 952 2996 ὡς
974 2923 1051 2997 τοὺς
1074 2923 1139 3002 γεί-

136 3050 234 3103 τονας
260 3027 454 3111 ὑπερβαίνοι
481 3026 502 3109 ή
528 3023 708 3091 ὑποδύοιθ’
735 3025 798 3091 ὑπὸ
826 3029 943 3108 κλίνην
969 3021 1052 3110 ὑπὲρ
1080 3036 1139 3091 τοῦ

136 3132 180 3215 μή
204 3133 240 3196 τὸ
265 3129 344 3216 σῶμ’
368 3131 468 3207 ἀλοὺς
491 3134 537 3210 εἰς
554 3134 591 3197 τὸ
611 3134 835 3216 δεσμωτήριον
854 3131 1007 3196 ἕλκεσθαι
1025 3130 1045 3214 ή
1064 3131 1134 3198 ἀλλ’

137 3234 351 3320 ἀσχημονοίη,
374 3235 395 3300 ἀ
417 3237 559 3319 δούλων,
582 3236 642 3301 οὐκ
661 3233 846 3320 ἐλευθέρων
864 3233 952 3300 ἐστὶν
972 3239 1062 3320 ἔργα,
1084 3236 1139 3303 καὶ

136 3339 234 3408 ταῦθ’
261 3341 326 3407 ὑπὸ
353 3350 410 3425 τής
437 3339 555 3407 ἑαυτοῦ
579 3343 733 3424 γυναικὸς
756 3341 860 3427 δρβτο
883 3353 1003 3424 ποιῶν,
1030 3342 1072 3425 ήν
1096 3343 1140 3419 ὡς

137 3447 313 3534 ἐλεύθερος
344 3448 529 3531 ἠγγυήσατο
562 3450 616 3513 καί
643 3457 699 3530 τῆς
725 3449 850 3524 πόλεως
875 3451 1024 3530 πολίτης,
1056 3449 1074 3513 δ
1102 3445 1140 3512 δὲ

136 3556 263 3620 τούτων
287 3559 390 3630 αἰτιος
405 3551 603 3637 Ἀνδροτίων
626 3560 688 3636 εἰη,
711 3552 750 3618 δν
773 3550 844 3618 οὐδ’
867 3549 949 3636 ὑπὲρ
969 3553 1071 3618 αὑτοῦ
1090 3554 1139 3618 δί-
