2670 3988
479 225 553 281 VIII.
572 223 833 277 ΔΗΜΟΣΘΕΝΗΣ.
1120 223 1164 288 25

157 387 284 451 τούτων
312 384 421 450 αὐτῶν
450 381 535 450 εἶναι
559 383 659 448 δίκαι’
687 383 752 470 ἐρῶ
774 387 856 471 πρὸς
877 383 970 467 ὑμᾶς.
1016 383 1081 469 ἐγὼ
1104 386 1167 470 ηάρ

159 486 249 574 οἶμαι
277 493 348 556 δεῖν
375 490 459 573 ὑμᾶς
481 501 550 566 τοῖς
572 486 632 573 μὲν
656 489 917 575 ἐξελεγχομένοις
939 488 1046 568 ξένοις
1069 485 1167 556 οὖσιν

158 599 382 681 χαλεπαίνειν,
409 598 440 660 εί
465 597 543 680 μήτε
570 599 739 672 πείσαντες
765 597 846 680 μήτε
875 594 1050 676 δεηθέντες
1071 596 1166 680 ὑμῶν

158 702 269 789 λάθρᾳ
294 700 350 766 καὶ
377 705 433 790 βίᾳ
460 712 526 767 τῶν
553 700 720 787 ὑμετέρων
745 702 844 786 ἱερῶν
866 699 922 766 καὶ
945 712 1067 767 κοινῶν
1091 724 1165 786 μετ-

158 819 261 892 εῖχον,
283 818 352 884 τοῖς
374 804 404 872 δ’
428 808 606 892 ἠτυχηκόσι
628 805 683 872 καὶ
707 807 898 872 δεικνύουσι
919 811 1053 884 πολίτας
1071 809 1168 885 ὄντας
1290 831 1293 836 ·

159 914 279 990 αὐτοὺς
297 916 437 996 βοηθεῖν
454 911 510 977 καὶ
528 909 656 1000 σῴζειν,
675 910 946 997 ἐνθυμουμένους
965 913 1014 978 ὅτι
1030 913 1164 978 ποίντων

159 1021 369 1100 οἰκτρότατον
391 1019 498 1096 πάθος
519 1019 600 1102 ἡμῖν
622 1017 664 1082 ἀν
687 1021 829 1102 συμβαίη
852 1029 924 1095 τοῖς
942 1018 1165 1102 ἠδικημένοις,

159 1126 191 1190 εί
207 1136 273 1191 τῶν
291 1128 529 1208 λαμβανόντων
544 1126 642 1208 δίκην
656 1125 749 1199 ὄντες
763 1123 805 1188 διν
819 1125 954 1200 δικαίως
966 1121 1043 1207 μεθ’
1059 1124 1165 1208 ὑμῶν,

161 1229 198 1295 ἐν
217 1240 286 1307 τοῖς
304 1231 436 1296 διδοῦσι
457 1234 635 1313 γενοίμεθα
652 1228 708 1294 καὶ
721 1231 1022 1314 συναδικηθείημεν
1037 1229 1091 1294 διὰ
1105 1230 1165 1313 τήν

160 1345 219 1400 τοῦ
241 1335 430 1420 πράγματος
452 1336 564 1420 ὀργήν.
630 1399 632 1402 .

226 1438 359 1524 Ἐπειδή
378 1445 493 1506 τοίνυν
512 1436 607 1518 οὗτος
625 1443 721 1518 εἰδὼς
738 1444 815 1518 τοὺς
832 1444 956 1524 νόμους
974 1440 1167 1525 καὶμᾶλλον
1186 1451 1204 1499 4

160 1548 180 1632 ἠ
207 1555 372 1631 προσῆκεν
402 1544 524 1622 ἀδίκως
550 1545 604 1612 καὶ
628 1551 866 1622 πλεονεκτικῶς
887 1547 948 1630 τήν
970 1549 1169 1629 κατηγορίαν

160 1655 349 1736 πεποίηται,
376 1650 556 1734 ἀναγκαῖον
584 1651 656 1736 ἐμοὶ
682 1649 756 1737 περὶ
785 1647 831 1716 ὧν
859 1650 895 1716 ἐν
918 1661 986 1728 τοῖς
1009 1652 1168 1735 δημόταις

160 1759 328 1843 ὑβρίσθην
346 1768 477 1843 πρῶτον
496 1760 610 1823 εἰπεῖν.
645 1757 724 1836 ἀξιῶ
744 1755 790 1841 δ’,
808 1753 834 1822 ὦ
853 1758 972 1843 ἀνδρες
986 1755 1169 1841 Ἀθηναῖοι,

160 1863 295 1948 μηδέπω
314 1864 374 1947 τήν
392 1874 458 1928 τῶν
478 1864 632 1947 δημοτῶν
652 1863 860 1947 ἀποψήφισιν
873 1867 1040 1927 ποιεῖσθαι
1054 1863 1169 1945 τεκμή-

160 1993 235 2054 ριον
257 1970 356 2053 ὑμᾶς,
385 1969 429 2045 ὡς
451 1965 505 2051 ἀρ’
530 1966 603 2053 οὐχὶ
627 1970 783 2053 προσήκει
806 1991 862 2052 μοι
884 1976 940 2049 τῆς
961 1969 1094 2044 πόλεως.
1139 1969 1171 2032 εί

160 2076 223 2162 γὰρ
247 2072 343 2140 πάντ’
365 2074 526 2159 ἐνομίζετε
549 2075 589 2139 τδ
612 2075 721 2139 δίκαια
744 2074 948 2157 δυνήσεσθαι
970 2074 1049 2149 τοὺς
1066 2073 1167 2156 δημό-

159 2205 217 2259 τας
245 2182 429 2266 διακρῖναι,
458 2179 519 2246 οὐκ
545 2179 587 2244 ἀν
614 2179 755 2244 ἐδώκατε
778 2181 839 2262 τήν
861 2180 907 2255 είς
928 2177 1013 2262 ὑμᾶς
1036 2179 1166 2263 ἔφεσιν·

160 2297 224 2353 νῦν
254 2283 291 2351 δέ
320 2285 376 2351 καὶ
405 2287 460 2350 διδι
487 2287 693 2369 φιλονεικίαν
719 2286 774 2349 καὶ
802 2285 858 2348 διδ
888 2287 1021 2367 φθόνον
1043 2281 1097 2348 καὶ
1120 2279 1163 2347 δι’

161 2395 286 2478 ἔχθραν
314 2390 368 2457 καὶ
396 2386 439 2456 δι’
466 2393 567 2467 ἀλλος
592 2391 773 2476 προφάσεις
800 2392 938 2454 ἔσεσθαί
958 2412 990 2453 τι
1012 2397 1167 2470 τοιοῦτον

160 2499 341 2582 ἡγούμενοι
372 2498 433 2581 τήν
464 2499 512 2573 είς
543 2497 629 2580 ὑμᾶς
659 2507 730 2572 τοῖς
759 2495 967 2580 ἀδικηθεῖσιν
998 2493 1168 2576 ἐποιήσατε

161 2605 370 2689 καταφυνήν,
398 2599 443 2667 δι’
473 2601 515 2685 ἠν
542 2607 649 2679 καλῶς
671 2611 857 2684 ποιοῦντες,
884 2596 910 2665 δι
933 2601 1053 2685 ἀνδρες
1072 2596 1169 2682 Ἀθη-

160 2723 267 2795 ναῖοι,
298 2712 377 2785 τοὺς
404 2706 624 2792 ἠδικημένους
651 2709 794 2784 ἅπαντας
821 2708 991 2771 σεσώκατε.
1036 2715 1203 2790 πρῶτονὸ

161 2812 222 2900 μέν
246 2809 318 2899 οὖν,
343 2813 383 2879 δν
405 2817 528 2899 τρόπον
551 2813 587 2878 ἐν
609 2825 678 2889 τοῖς
701 2811 857 2897 δημόταις
878 2809 1001 2894 συνέβη
1018 2812 1079 2893 τήν
1098 2812 1169 2875 δια-

160 2923 302 3006 ψήφισιν
325 2919 497 3004 γενέσθαι,
518 2919 635 3004 φράσω
657 2921 739 3004 πρὸς
760 2919 858 3002 ὑμᾶς·
881 2918 918 2982 τὸ
940 2917 1003 3001 γὰρ
1023 2917 1069 2992 είς
1087 2915 1168 2981 αὐτὸ

160 3029 198 3092 τὸ
221 3035 354 3112 πρᾶγμα
378 3026 484 3090 πάντα
504 3023 612 3107 λέγειν
630 3021 716 3089 τοῦτ’
737 3020 833 3106 ἔγωγ’
850 3021 1086 3105 ὑπολαμβάνω,
1109 3021 1170 3086 ὅσα

161 3155 211 3209 τις
242 3132 329 3217 παρὰ
359 3133 396 3196 τὸ
426 3132 581 3214 ψήφισμα
612 3127 781 3196 πέπονθεν
810 3126 931 3203 ἀδίκως
959 3143 1171 3191 καταστασια-

161 3240 269 3318 σθείς,
293 3235 457 3314 ἐπιδεῖξαι.

227 3342 436 3425 Εὐβουλίδης
468 3341 531 3426 γὰρ
562 3336 673 3424 οὗτος,
711 3335 735 3404 ὦ
767 3340 885 3425 ἀνδρες
909 3335 1096 3422 Ἀθηναῖοι,
1129 3338 1207 3414 ωςθ

160 3449 256 3532 ὑμῶν
281 3455 370 3514 ἴσασι
392 3449 522 3530 πολλοί,
545 3447 756 3531 γραφόμενος
779 3445 930 3529 ἀσεβείας
947 3445 1009 3526 τήν
1026 3443 1173 3527 ἀδελφήν

165 3555 229 3637 τήν
254 3556 521 3638 Λακεδαιμονίου
549 3555 586 3618 τὸ
613 3551 759 3637 πέμπτον
782 3549 880 3636 μέρος
900 3561 967 3615 τῶν
989 3549 1110 3633 ἠήφων
1133 3549 1173 3614 οὐ

220 3667 369 3718 moruegmm
384 3667 496 3710 Graecum
510 3667 550 3708 τι.
992 3660 1009 3708 4
