2670 3988
176 213 218 279 36
518 219 551 270 X.
570 217 831 271 ΔΗΜΟΣΘΕΝΗΣ.

175 387 243 452 τοῖς
265 377 378 454 άλλοις
400 378 609 464 τριηράρχοις
626 375 867 463 πονηροτέρους
886 372 1064 452 εἶναιτοὺς
1082 392 1179 460 στρα-

175 483 306 565 τιώτας,
333 485 507 566 ζητοῦντας
533 483 633 548 ταύτὰ
661 494 729 559 τοῖς
754 482 842 566 παρὰ
869 483 937 546 σοί·
965 483 1033 546 ἔδει
1055 481 1117 563 γάρ
1142 475 1179 545 σὲ

126 599 155 647 11
176 587 276 652 ταύτά
305 599 413 653 ποιεῖν
441 599 510 665 τοῖς
539 590 651 664 άλλοις
680 586 909 673 τριηράρχοις.’
962 585 1115 670 λέγοντος
1144 579 1176 650 δ’

101 743 103 748 .
176 692 279 758 αύτοῦ
297 689 387 758 ταῦτ’
405 693 628 779 ἀπεκρινάμην
647 693 747 781 αύτςό,
766 693 815 758 ὅτι
830 693 928 776 σκεύη
943 689 1004 776 μὲν
1018 693 1074 757 διὰ
1087 689 1177 756 τοῦτ’

176 798 218 863 οὐ
241 798 374 882 λάβοιμι
397 797 433 864 ἐκ
455 803 696 884 τοῦ·νεωρίου,
719 799 786 863 ‘dre
809 801 850 863 σὺ
874 793 1002 881 ἀδόκιμ’
1025 797 1179 880 ἐποίησας

177 902 268 968 αύτά.
304 901 375 969 ἀλλ’
400 907 431 970 τί
452 902 512 988 μὲν
535 906 661 989 βούλει,
683 915 784 971 ταῦτα
806 904 986 989 παράλαβε·
1010 906 1041 968 εί
1063 899 1099 968 δὲ
1122 905 1179 987 μή,

177 1009 276 1092 σκεύη
306 1018 414 1097 σαυτῷ
441 1012 672 1096 παρασκεύαζε.
716 1008 791 1096 περὶ
820 1007 857 1075 dt
882 1020 949 1074 τῶν
971 1019 1101 1074 ναυτῦν
1123 1007 1179 1073 καὶ

176 1125 242 1180 τῶν
266 1114 427 1200 ἐπιβατῶν
449 1113 504 1181 καὶ
526 1125 583 1200 της
604 1116 794 1200 ὑπηρεσίας,
815 1117 847 1179 εί
865 1113 931 1200 φῂς
947 1107 1004 1179 ὑπ’
1020 1112 1102 1198 ἐμοῦ
1120 1113 1179 1179 αύ-

176 1223 253 1297 τοὺς
276 1221 491 1306 διεφθάρθαι,
513 1222 713 1306 παραλαβὼν
736 1222 797 1305 τὴν
818 1223 934 1305 τριηρη
953 1220 1051 1296 αὐτὸς
1069 1229 1178 1306 σαυτῷ

176 1327 414 1391 κατασκεύασαι
436 1324 492 1392 καὶ
514 1328 636 1403 ναύτας
657 1324 713 1391 καὶ
735 1325 888 1410 ἐπιβάτας
909 1324 964 1391 καὶ
986 1324 1179 1411 ὑπηρεσίαν,

127 1441 158 1488 12
179 1430 297 1508 οἵτινές
328 1449 380 1497 σοι
411 1428 513 1516 μηδὲν
543 1435 699 1516 λαβόντες
729 1433 1001 1516 συμπλεύσονται.
1052 1433 1113 1516 τὴν
1141 1428 1179 1496 δὲ

176 1545 262 1601 ναῦν
284 1537 464 1621 παράλαβε·
489 1537 529 1603 ού
552 1538 614 1622 γάρ
638 1539 685 1602 ἐτι
708 1562 764 1620 μοι
781 1539 938 1622 προσήκει
956 1549 1179 1622 τριηραρχεῖν·

178 1640 196 1704 ὅ
218 1663 252 1705 τε
275 1642 337 1726 γάρ
360 1645 479 1727 χρόνος
500 1641 606 1726 ἐξήκει
628 1667 684 1726 μοι
707 1652 764 1726 τῆς
786 1645 1011 1727 τριηραρχίας,
1033 1640 1088 1708 καὶ
1110 1641 1179 1707 ἐπι-

177 1747 432 1832 τετριηράρχηκα
450 1746 602 1833 τέτταρας
619 1746 743 1832 μῆνας.’
776 1745 929 1830 λέγοντος
947 1747 987 1811 os'
1003 1771 1067 1832 μου
1085 1745 1174 1813 ταῦτ’

178 1850 390 1936 ἀποκρίνεταί
414 1877 488 1937 μοι,
514 1853 564 1918 ότι
588 1853 606 1918 ό
630 1855 889 1937 συντριήραρχος
912 1852 997 1939 αύτῷ
1022 1852 1082 1938 ούχ
1105 1854 1179 1936 ἥκοι

178 1955 231 2021 ἐπὶ
248 1958 309 2039 τὴν
327 1967 425 2023 ναῦν·
445 1958 580 2023 ὀὔκουν
598 1960 832 2043 παραλήψομαι
849 1960 950 2042 μόνος
967 1958 1027 2041 τὴν
1041 1958 1179 2044 τριήρη.’

235 2255 274 2320 Χ.
304 2254 417 2321 Oratio
441 2256 479 2320 de
504 2277 623 2322 corona
645 2257 821 2322 trierarcho
842 2256 986 2342 praemio
1009 2256 1120 2321 danda.

607 2367 685 2422 Dem.
704 2367 747 2422 LI.

248 2479 349 2535 Paucis
382 2480 462 2535 annis
490 2483 555 2550 post
581 2481 690 2536 cladem
718 2481 755 2534 ad
780 2480 902 2535 insulam
928 2480 1115 2550 Peparethum
1143 2481 1179 2536 ab

177 2551 335 2605 Alexandro
353 2552 505 2605 Pherarom
527 2555 646 2620 tyranno
666 2551 710 2617 (cf.
725 2557 740 2616 ς
756 2554 781 2617 t)
802 2567 873 2605 anno
893 2567 918 2605 a.
933 2550 995 2605 chr.
1010 2558 1061 2607 361
1081 2568 1179 2622 aceep-

178 2624 238 2675 tsm
255 2621 439 2675 Athenienses
458 2639 520 2676 cum
538 2639 639 2676 novam
659 2619 866 2690 expeditionem
882 2623 1027 2691 pararent,
1050 2623 1178 2678 decreve-

177 2694 249 2759 rant,
268 2694 301 2746 ut
318 2692 533 2746 trierarchorum
551 2693 599 2760 qui
617 2692 723 2761 primus
742 2708 843 2745 navem
861 2708 940 2746 suam
959 2695 1120 2747 exornasset
1133 2710 1179 2748 co-

177 2779 246 2818 rona
268 2762 431 2831 donaretur,
454 2763 504 2831 qui
526 2763 563 2816 ad
586 2762 659 2816 diem
683 2761 864 2817 constitutam
884 2778 943 2816 rom
960 2762 1131 2832 neglexisset
1148 2763 1178 2817 in

177 2849 316 2888 carcerem
334 2833 514 2888 coniceretur.
542 2849 597 2901 quo
616 2849 650 2887 ex
668 2832 779 2886 decreto
799 2849 861 2886 cnm
879 2832 903 2886 is
918 2832 966 2900 qui
980 2849 1093 2887 causam
1108 2833 1179 2888 dicit

178 2920 307 2958 coronam
325 2905 472 2973 acceperit,
492 2921 554 2958 cum
573 2920 605 2958 eo
624 2902 779 2957 adversarii
798 2903 835 2957 ad
853 2907 982 2956 senatum
1000 2903 1035 2957 de
1052 2905 1177 2973 praemio

178 2974 362 3042 contendunt,
390 2990 560 3042 quamquam
586 2973 779 3028 trierarchiam
806 2973 861 3027 sibi
887 2973 1056 3042 imperatum
1080 2974 1107 3028 ei
1129 2975 1178 3043 qui

177 3044 321 3097 minimam
354 3045 528 3099 ostulaverat
541 3043 688 3114 pecuniam
708 3051 734 3112 (5
748 3050 763 3097 6
778 3043 826 3098 τὸν
846 3043 875 3111 ἐξ
893 3040 1035 3114 ἐλαχίστου
1048 3065 1178 3114 τριηραρ-

177 3121 236 3184 χεῖν
261 3062 439 3187 βουλόβενον)
462 3115 630 3170 locaveumt.
662 3114 740 3168 illins
762 3116 896 3183 patronus
918 3113 1013 3169 extitit
1034 3115 1109 3169 solus
1128 3115 1178 3170 (le-

177 3185 354 3254 phisodotus‚
383 3185 482 3239 horum
508 3201 608 3240 causae
635 3185 737 3239 adsunt
761 3184 916 3253 complures
943 3187 1077 3253 oratores,
1108 3202 1177 3254 quos

177 3256 303 3310 mercede
317 3256 470 3310 conductos
484 3270 545 3310 esse
554 3256 613 3310 veri
627 3259 670 3310 est
680 3255 769 3310 simile
784 3257 926 3324 (§13sq.);
941 3256 1061 3310 suadent
1074 3258 1177 3326 autem,

177 3342 279 3380 corona
306 3325 330 3379 si
357 3325 505 3380 clientibus
533 3326 590 3380 suis
612 3329 755 3381 recusetur
778 3327 810 3378 ut
832 3323 968 3380 universis
991 3326 1176 3394 expeditionis

176 3396 253 3450 illius
281 3395 442 3450 trierarchis
471 3396 618 3450 addicatur
646 3402 672 3464 (ς
695 3403 727 3451 lt
750 3395 893 3450 κελεύουσι
915 3403 995 3467 κοινῇ
1020 3407 1177 3466 στεφανοῦν

176 3467 266 3536 teor).
