2670 3988
493 207 525 258 X.
544 205 804 258 ΔΗΜΟΣΘΕΝΗΣ.
1105 203 1146 267 37

212 366 256 428 El
276 361 336 447 μὲν
359 363 423 452 ὄτφ
445 370 591 429 πλεῖστοι
614 368 816 448 συνείποιεν,
840 359 865 428 ὦ
889 366 1005 447 βουλή,
1027 366 1063 429 τὸ
1086 366 1148 447 ψή-
1168 379 1181 427 1

146 465 238 554 φισμ’
264 467 391 534 ἐκέλευε
419 470 537 535 δοῦναι
560 472 619 535 τὸν
642 467 823 555 στέφανον,
850 468 912 535 κάν
936 469 1074 552 άνόητος
1094 463 1148 552 ήν,

146 576 179 640 εί
199 577 312 658 λαβεῖν
334 574 435 640 αὐτὸν
458 575 585 658 ήξίουν,
608 577 841 659 Κηφισοδότου
864 578 968 659 μόνου
991 598 1044 658 μοι
1070 592 1148 638 συν-

148 684 329 766 ειρηκότος,
352 676 539 757 τούτοιςδέ
561 684 772 764 παμπόλλων.
817 691 880 747 νῦν
904 677 941 746 δέ
963 688 1007 768 τςό
1031 681 1148 768 πρώτφ

146 785 430 871 παρασκευάσαντι
455 787 516 870 τήν
542 788 657 871 τριήρη
690 788 748 851 τὸν
770 789 888 870 ταμίαν
910 783 1107 870 προσέταξεν
1130 785 1148 850 ὁ

148 893 251 975 δήμος
273 876 412 974 δοῦναι,
432 895 592 976 πεποίηκα
616 887 653 956 δέ
675 889 763 958 τοῦτ’
786 890 864 974 ἐγώ·
895 893 947 956 διό
970 914 1054 975 φημι
1077 892 1149 955 δείν

149 996 246 1073 αὐτὸς
275 1003 531 1080 στεφανοῦσθαι.
584 997 742 1080 θαυμάζω
775 993 812 1062 δέ
840 994 895 1061 καὶ
924 996 1066 1078 τούτων,
1098 995 1182 1060 ύτικ

148 1111 205 1185 τῆς
226 1104 381 1186 τριήρους
403 1101 622 1186 ἀμελήσαντες
639 1105 716 1178 τοὺς
734 1102 873 1187 ῥήτορας
889 1102 1148 1184 παρεσκεύασαν,

148 1206 203 1272 καὶ
225 1204 366 1273 δοκοῦσί
384 1231 440 1291 μοι
462 1209 583 1285 παντὸς
607 1205 861 1292 διημαρτηκέναι
882 1217 942 1273 τοῦ
963 1207 1150 1291 πράγματος

149 1311 203 1377 καὶ
238 1315 383 1396 νομίζειν
416 1310 489 1398 οὐχὶ
520 1325 589 1389 τοῖς
619 1321 774 1378 ποιοῦσιν
805 1312 826 1378 δ
857 1314 908 1377 δεῖ
939 1312 1035 1398 χάριν
1065 1311 1150 1394 ὑμᾶς

149 1421 247 1503 ἐχειν,
264 1417 347 1482 άλλά
365 1429 433 1494 τοῖς
449 1418 647 1503 φάσκουσιν,
666 1417 706 1484 οὐ
724 1419 783 1483 τὸν
797 1418 1034 1503 αὐτὸντρόπον
1049 1416 1149 1499 ἐγνω-

148 1527 251 1605 κότες,
274 1524 374 1608 ὅνπερ
398 1523 474 1606 ε’χώ,
496 1520 571 1608 περὶ
593 1523 696 1606 ὑμῶν.
733 1521 788 1588 καὶ
805 1519 874 1588 κατ’
893 1522 972 1587 αὐτὸ
991 1523 1033 1606 δή
1052 1531 1148 1587 τοῦτο

150 1631 284 1705 δικαίως
311 1627 353 1693 άν
383 1624 479 1712 ἔχοιτ’
509 1624 750 1712 εὐνοϊκωτέρως
780 1627 867 1711 ἐμοί·
899 1634 1057 1712 φαίνομαι
1086 1628 1148 1712 γάρ

149 1738 298 1819 βελτίους
323 1732 408 1817 ὑμᾶς
429 1733 674 1818 ὑπολαμβάνων
696 1732 717 1817 ή
741 1727 841 1798 οὗτοι.
886 1742 969 1818 χρήν
992 1730 1052 1816 μὲν
1076 1727 1149 1816 οὖν,
1168 1749 1183 1796 3

150 1835 176 1903 ὦ
195 1840 314 1924 άνδρες
323 1835 506 1922 Ἀθηναῖοι,
524 1836 578 1902 καὶ
597 1840 726 1904 δίκαιον
743 1832 798 1921 ήν,
815 1840 892 1914 τοὺς
909 1840 969 1903 τὸν
986 1837 1149 1922 στέφανον

150 1943 322 2027 οἰομένους
348 1946 420 2009 δεῖν
447 1941 523 2028 παρ’
549 1943 643 2028 ὑμῶν
671 1947 784 2027 λαβεῖν
807 1944 927 2020 αὑτούς
949 1941 1061 2020 ἀξίους
1082 1941 1150 2007 ἐπι-

151 2050 319 2115 δεικνύναι
348 2050 484 2132 τούτου,
515 2050 559 2133 μή
589 2046 646 2132 ἐμὲ
674 2059 780 2124 κακῶς
809 2047 925 2130 λέγειν.
971 2047 1082 2132 ἐπειδή
1113 2043 1150 2112 δέ

150 2164 247 2242 τοῦτο
268 2151 424 2239 παρέντες
446 2152 552 2219 ἐκεῖνο
575 2163 740 2236 ποιοῦσιν,
762 2149 916 2239 ἀμφότερ’
939 2153 1059 2229 αὐτοὺς
1082 2152 1149 2217 ἐπι-

151 2258 246 2337 δείξω
269 2256 506 2342 ψευδομένους,
528 2259 549 2323 a}
571 2257 606 2323 θ’
630 2258 750 2335 αὑτοὺς
772 2257 995 2342 ἐνεκωμίασαν
1016 2260 1071 2324 καί
1095 2256 1145 2324 ὅσ’

151 2368 198 2442 είς
223 2365 306 2448 ἡμᾶς
333 2363 603 2448 ἐβλασφήμησαν,
631 2362 664 2442 ἐξ
693 2363 891 2429 αὐτῶντῶν
913 2357 1150 2448 πεπραγμένων

152 2468 324 2555 ἑκατέροις.

185 2629 187 2634 .
222 2578 382 2659 Ψήφισμα
408 2575 471 2659 μὰρ
497 2574 592 2657 ὑμῶν
618 2573 864 2657 ποιησαμένων,
892 2572 928 2651 ὃς
954 2573 996 2639 ἂν
1019 2576 1062 2658 μή
1086 2577 1185 2659 πρὸ4
1234 2577 1253 2604 ‘¹

152 2691 207 2764 τής
229 2679 304 2763 ἕνης
326 2676 380 2743 καὶ
402 2677 478 2755 νέας
500 2677 553 2744 ἐπὶ
575 2689 667 2764 χῶμα
689 2679 750 2762 τήν
767 2687 853 2743 ναῦν
869 2683 1075 2764 περιορμίση,
1094 2680 1150 2763 δή·

153 2803 207 2851 σαι
233 2782 289 2850 καὶ
311 2785 508 2872 δικαστηρίω
533 2785 755 2869 παραδοῦναι,
783 2781 960 2849 καὶταῦτα
981 2783 1150 2869 κυρωσάν-

152 2915 234 2975 των,
266 2889 330 2973 ἐγώ
362 2886 422 2972 μὲν
453 2891 656 2976 περιώρμισα
686 2887 740 2954 καὶ
771 2887 935 2973 στέφανον
965 2889 1020 2952 διδ
1048 2898 1150 2956 ταῦτα
1230 2929 1232 2936 ,

151 2993 227 3081 παρ’
253 2994 346 3078 ὑμῶν
369 2997 506 3077 ἔλαβον,
532 2989 624 3059 οὗτοι
648 2991 678 3058 δ’
705 2989 784 3059 οὐδὲ
806 2979 1043 3076 καθείλκυσαν,
1070 2991 1144 3059 ὥστ’

152 3105 261 3186 ἔνοχοι
290 3102 398 3188 δεσμῷ
431 3103 615 3184 γεγόνασιν.
664 3111 732 3175 πῶς
761 3094 823 3164 οὖν
852 3099 914 3164 οὐκ
943 3098 1150 3166 ἀτοπώτατον

152 3207 194 3272 άν
216 3203 447 3291 διαπράξαισθ’
472 3207 586 3290 ἔργον,
613 3206 645 3269 εί
664 3207 742 3280 τοὺς
763 3201 839 3269 καθ’
862 3203 971 3270 αὑτῶν
994 3205 1151 3283 ἐάσαντας

151 3316 273 3397 τίμημα
303 3319 454 3377 τοιοῦτον
486 3310 685 3395 ἐπαχθῆναι,
721 3310 857 3386 τούτους
887 3311 1152 3395 στεφανώσαντες

151 3419 245 3501 ὑμεῖς
270 3421 462 3500 φαίνοισθε;
490 3417 529 3480 τά
557 3417 656 3500 σκεύη
683 3418 814 3497 τοίνυν,
841 3415 902 3480 ὅσα
925 3416 978 3480 δεῖ
997 3414 1184 3503 παρέχεινσ

151 3525 211 3606 τήν
239 3525 338 3588 πόλιν
365 3532 435 3597 τοῖς
463 3521 686 3606 τριηράρχοις,
715 3519 778 3602 ἐγὼ
809 3515 870 3604 μὲν
897 3519 933 3585 ἐκ
959 3531 1026 3586 τῶν
1054 3523 1149 3588 ίδίων
