2670 3988
480 242 527 294 1x.
547 240 833 312 [Δυαοεοεαυεη
1116 241 1159 306 33

155 399 175 482 ἡ
200 397 228 464 δ’
253 399 350 465 οὐσία
372 399 553 485 ὑπόχρεως·
574 399 595 484 ἡ
619 397 657 466 δέ
679 409 720 484 γῆ
743 401 804 486 οὐχ
828 400 915 478 ὅπως
937 403 1011 467 τινά
1032 405 1159 487 καρπὸν

156 507 306 588 ἤνεγκεν,
329 503 412 570 ἀλλά
434 504 489 570 καὶ
512 507 549 572 τὸ
571 505 663 591 ὕδωρ
687 505 724 572 ἐν
746 506 859 596 ἐκείνω
877 516 922 594 τςῦ
942 506 1093 596 ἐνιαυτςῦ,
1117 508 1160 584 ὡς

156 611 274 687 πάντες
297 617 376 694 ίστε,
399 609 434 675 ἐκ
457 622 524 676 τῶν
547 611 699 698 φρεάτων
717 609 879 694 ἐπέλιπεν,
902 613 984 677 ὥστε
1002 609 1085 697 μηδὲ
1103 613 1159 677 λά·

156 739 259 800 χανον
281 713 439 799 γενέσθαι
463 714 499 781 ἐν
521 725 565 802 τῷ
590 721 694 806 κήπῳ·
718 718 753 782 oc
774 713 812 782 δέ
834 719 1057 795 δεδανεικότες
1078 713 1160 801 ἧκον

158 819 210 886 ἐπὶ
232 823 310 897 τοὺς
331 823 459 903 τόκους,
483 821 595 906 ἐπειδὴ
619 823 637 888 6
662 821 810 899 ἐνιαυτὸς
830 821 981 908 ἐξῆλθεν,
1003 825 1034 889 εί
1051 828 1094 909 μη
1112 847 1162 900 τις

157 925 296 1010 ἀποδοίη
321 925 432 1003 αὐτοῖς
455 928 535 992 κατὰ
557 929 615 1004 τὰς
637 928 837 1014 συγγραφάς.
874 923 920 994 ὧν
939 928 1102 995 ἀκούοντά
1121 952 1159 1013 με
1181 947 1212 997 16

157 1029 213 1097 καὶ
233 1032 321 1117 παρὰ
343 1042 409 1097 τῶν
433 1031 688 1117 ἀφικνουμένων
711 1036 811 1122 λόγῳ,
832 1035 872 1099 τὰ
895 1031 932 1099 δέ
954 1033 1009 1099 καὶ
1028 1033 1072 1099 δι’
1094 1035 1161 1099 ἐπι·

159 1143 285 1203 στολῶν
307 1138 395 1220 παρὰ
417 1149 483 1203 τῶν
507 1140 649 1222 οἰκείων,
671 1141 745 1204 τίνα
763 1136 796 1223 μ’
815 1145 927 1205 οἴεσθε
945 1140 1056 1224 ψυχὴν
1074 1141 1161 1224 ἔχειν

158 1243 178 1327 ἢ
207 1246 293 1309 πόσα
323 1240 438 1330 δάκρυ’
467 1242 617 1328 ἀφιέναι,
649 1244 690 1308 τὰ
719 1241 780 1328 μὲν
810 1244 1058 1329 ἐκλογιζόμενον
1086 1242 1161 1327 περὶ

159 1359 224 1414 τῶν
250 1352 440 1434 παρόντων,
467 1350 507 1414 τὰ
535 1345 572 1414 δέ
599 1333 654 1414 καὶ
676 1348 836 1416 ποθοῦντ’
863 1352 947 1415 ίδείν
969 1351 1084 1415 παιδία
1106 1346 1161 1414 καὶ

159 1465 298 1536 γυναῖκα
320 1453 375 1520 καὶ
398 1452 532 1538 μητέρα,
554 1454 597 1537 ἣν
621 1455 685 1538 ἐγὼ
708 1455 750 1520 οὐ
771 1456 894 1532 πολλάς
917 1455 1051 1532 ἐλπίδας
1072 1449 1161 1539 εἶχον

160 1561 266 1637 ζῶσαν
288 1561 550 1642 καταλήψεσθαις
580 1554 627 1624 ὧν
649 1564 684 1624 τί
702 1560 800 1642 ἥδιόν
823 1559 912 1625 ἐστιν
935 1558 1118 1648 ἀνθρώπῳ,
1140 1557 1161 1642 ἢ

158 1674 218 1731 τοῦ
241 1662 325 1730 ἕνεκ’
348 1665 390 1729 ἀν
412 1687 462 1741 τις
484 1663 613 1742 εὔξαιτο
635 1665 762 1730 τούτων
786 1663 956 1750 στερηθεὶς
980 1667 1051 1749 ζῆν;

225 1772 332 1859 Μόνιμ
354 1773 469 1835 τοίνυν
492 1770 596 1857 τούτῳ
619 1781 685 1835 τῶν
704 1771 813 1835 ἀλλων
831 1771 996 1856 διαδόχων
1015 1769 1076 1835 οὐκ
1094 1772 1161 1834 ἐστι
1179 1785 1205 1838 ΙΙ

158 1878 322 1961 πρόφασις
343 1873 601 1958 ὑπολειπομένη,
632 1876 717 1940 διότι
740 1875 782 1939 οὐ
803 1875 903 1941 πάλαι
926 1871 1005 1959 ᾗκεν
1027 1874 1080 1940 ἐπὶ
1102 1876 1162 1958 τὴν

159 1989 253 2047 ναῦν.
289 1981 307 2046 6
331 1981 393 2065 γὰρ
416 1979 602 2064 Εὐκτήμων
625 1981 642 2046 6
665 1982 955 2066 πεντηκόνταρχος,
979 1981 1023 2057 ὡς
1045 1979 1080 2045 ἐκ
1102 1989 1162 2044 τοῦ

156 2087 397 2170 Ἑλλησπόντου
421 2083 584 2168 ἀπεστάλη
603 2083 708 2151 οἴκαδ’
732 2083 930 2170 ἀσθενήσας,
953 2085 1065 2170 ἐπειδὴ
1088 2109 1163 2150 κατ-

161 2190 296 2257 έπλευσε
313 2188 368 2254 καὶ
383 2192 503 2273 ἤκουσε
521 2199 641 2256 τοῦτον
662 2189 734 2274 ἐμοὶ
754 2189 911 2275 διάδοχον
929 2195 1162 2276 καθεστηκότα,

159 2297 255 2373 είδὼς
276 2297 335 2362 τόν
356 2318 391 2360 τε
413 2298 535 2381 χρόνον
558 2294 715 2379 ἑξήκοντά
733 2319 789 2379 μοι
807 2304 865 2379 τῆς
883 2300 1091 2382 τριηραρχίας
1108 2295 1163 2361 καὶ

159 2403 222 2486 ἤδη
259 2400 572 2486 ἐπιτριηραρχοῦντά
610 2423 668 2484 με,
704 2401 904 2485 παραλαβὼν
936 2404 1074 2466 Δεινίαν
1104 2404 1162 2468 τὸν

160 2509 320 2592 κηδεστὴν
347 2510 405 2572 τὸν
433 2507 513 2591 ἐμὸν
539 2505 752 2592 προσέρχεται
775 2505 862 2593 αὐτῷ
887 2505 923 2571 ἐν
945 2515 991 2595 τῷ
1015 2509 1162 2591 δείγματι
1254 2535 1255 2538 “

160 2611 215 2677 καὶ
243 2611 413 2678 ἐκέλευσεν
442 2612 544 2677 αὐτὸν
574 2612 619 2688 ὡς
647 2609 768 2696 τάχιστ’
798 2609 852 2675 ἐπὶ
879 2613 941 2696 τὴν
969 2622 1055 2678 ναῦν
1084 2612 1162 2677 ἀπο-

159 2723 271 2802 πλεῖν,
302 2719 346 2794 ὡς
372 2727 439 2782 τῶν
465 2713 691 2800 ἀναλωμάτων
718 2721 851 2781 πολλῶν
878 2718 1001 2799 όντων,
1033 2716 1053 2780 δ
1079 2715 1158 2782 καθ’
1195 2773 1202 2782 ,

160 2823 285 2908 ἡμέραν
307 2821 446 2906 ἑκάστην
468 2824 551 2904 πρὸς
573 2830 617 2908 τςό
641 2822 730 2907 παρὰ
752 2829 812 2886 τοῦ
836 2830 1019 2906 στρατηγοῦ
1037 2839 1163 2907 σιτηρε-

161 2931 222 3018 σίῳ
244 2931 291 3006 είς
313 2929 373 3012 τὴν
396 2936 481 2993 ναῦν
506 2925 672 3015 διδομένῳ
695 2926 902 3009 ἀνηλίσκετο,
925 2923 1001 2992 καθ’
1027 2926 1198 2994 έκαστονκ
1306 2911 1309 2918 ’

160 3033 248 3122 αὐτῷ
276 3032 409 3110 διεξιὼν
436 3032 515 3108 τούς
541 3054 575 3096 τε
603 3034 746 3116 μισθοὺς
767 3034 844 3107 τοὺς
866 3040 904 3116 τῇ
927 3031 1088 3119 ὑπηρεσία
1109 3032 1164 3099 καὶ

160 3149 228 3216 τοῖς
250 3135 417 3222 ἐπιβάταις
438 3138 520 3202 κατά
543 3145 629 3221 μῆνα
652 3135 850 3220 διδομένους
871 3147 940 3213 τοῖς
960 3160 995 3202 τε
1017 3139 1163 3221 ναύταις,

161 3244 219 3321 οὓς
250 3244 347 3320 αὐτὸς
378 3242 414 3307 ἐκ
445 3251 501 3326 τῆς
532 3239 718 3326 Λαμψάκου
750 3240 976 3326 ἐμισθώσατο,
1011 3243 1067 3308 καὶ
1097 3257 1165 3321 τοῖς

161 3349 300 3436 ὕστερον
329 3347 507 3432 ἐπεμβᾶσιν
537 3346 609 3412 ἀντι
640 3358 705 3413 τῶν
735 3345 981 3431 ἀπολιπόντων,
1013 3349 1060 3412 ἔτι
1088 3345 1118 3413 δ’
1146 3349 1163 3414 δ

160 3464 226 3518 τῶν
261 3453 406 3539 ἀρχαίων
443 3464 573 3519 ναυτῶν
611 3450 734 3540 ἑκάστῳ
769 3449 961 3536 προσέθηκα
1000 3452 1164 3537 δεηθέντι,

161 3559 272 3643 ἐπειδή
294 3583 350 3643 μοι
374 3560 391 3625 6
414 3561 533 3644 χρόνος
556 3557 647 3641 ἐξῆκε
670 3565 726 3639 τῆς
744 3559 965 3642 τριηραρχίας,
987 3553 1042 3620 καὶ
1061 3559 1164 3621 τάλλα
