2670 3988
513 213 546 263 X.
565 211 825 266 ΔΗΜΟΣΘΕΝΗΣ.
1126 208 1169 273 39

169 366 223 433 καὶ
243 367 381 446 ἐκείνοις
401 368 475 456 ούχὶ
493 375 687 456 φρίττουσιν
706 370 743 436 ἐν
761 372 841 456 ὑμῖν
859 368 941 457 ὑπὲρ
955 366 1003 436 ών
1016 374 1173 456 προσήκει

169 479 292 539 παθεῖν
328 475 465 558 αὐτούς,
501 475 584 541 ἀλλά
617 477 842 561 δημηγοροῦσι
873 474 941 541 κατ’
977 477 1087 541 άλλοιν
1118 472 1173 539 καὶ

170 589 358 662 στεφανοῦν
381 581 574 647 κελεύουσιν
597 578 742 658 ἑαυτούς.
777 585 883 647 καίτοι
907 579 1085 664 σκέψασθε,
1105 576 1168 645 τίν’

169 685 211 748 άυ
242 705 321 750 ποτε
354 683 482 763 δόξαιτε
513 689 755 770 βεβουλεῦσθαι
786 689 928 773 τρόπον,
964 689 995 751 εί
1026 687 1080 752 διὰ
1111 685 1172 768 τήν

170 789 272 873 αὐτήν
294 793 461 875 πρόφασιν
484 795 561 868 τοὺς
583 789 644 876 μὲν
666 792 815 857 θανάτου
837 795 1017 878 κρίναντες,
1039 794 1117 868 τούς
1135 786 1172 855 δέ

170 897 438 979 στεφανώσαντες
465 906 607 980 φανεῖτε.
652 894 707 960 καὶ
734 896 799 979 μήν
815 895 868 962 ού
894 896 999 978 μόνον
1023 897 1055 960 εί
1075 903 1206 962 τοῦτον

169 1003 354 1084 ποιήσαιτε,
378 997 500 1066 δοκοῖτ’
523 1000 565 1066 άν
588 999 759 1085 ἁμαρτεῖν,
782 997 854 1066 άλλ’
880 1003 912 1065 εί
933 1001 976 1084 μή
999 999 1053 1065 καὶ
1075 999 1171 1065 κολά-

171 1121 260 1170 σαιτε
292 1109 370 1182 τοὺς
401 1107 440 1170 τά
469 1116 605 1172 τοιαῦτα
633 1116 826 1188 ποιοῦντας,
857 1109 994 1192 ἔχοντες.
1039 1104 1080 1171 ού
1109 1105 1171 1187 γὰρ

171 1210 304 1277 ἐπειδάν
327 1209 444 1294 ἐάσητέ
463 1223 583 1276 τιτῶν
606 1209 773 1296 ὑμετέρων
795 1210 989 1294 ἀπολέσθαι,
1015 1213 1087 1276 τότε
1109 1210 1171 1294 χρὴ

169 1321 389 1402 χαλεπαίνειν,
411 1314 482 1381 ἀλλ’
506 1316 542 1382 έν
565 1311 590 1403 ᾧ
614 1317 654 1380 τά
676 1313 736 1400 μὲν
753 1313 881 1402 ὑμέτερ’
900 1315 968 1382 ἐστὶ
987 1327 1067 1398 σῶα,
1089 1321 1171 1380 καθ-

170 1432 265 1507 ορᾶτε
298 1419 336 1487 δέ
367 1425 444 1499 τοὺς
477 1421 693 1507 ἐφεστηκότας
724 1419 767 1486 δι’
799 1421 1066 1508 αἰσχροκέρδειαν
1097 1417 1172 1504 ούχὶ

168 1532 401 1613 προσήκουσαν
432 1531 594 1613 πρόνοιαν
625 1525 699 1612 περὶ
732 1531 891 1611 σφτηρίας
922 1527 1030 1593 αὐτῶν
1057 1547 1171 1592 ποιου-

170 1631 297 1717 μένους.
338 1631 393 1697 καὶ
416 1631 529 1716 μηδεὶς
551 1633 645 1716 ῦμών
668 1631 841 1719 ἐπιτιμήσῃ
864 1635 908 1721 τῷ
932 1637 1031 1722 λόγῳ,
1052 1634 1170 1717 πικρὸν

169 1734 254 1803 εἶναι
281 1743 433 1823 νομίσας,
462 1738 545 1804 ἀλλά
572 1751 640 1816 τοῖς
665 1741 703 1804 τὸ
732 1743 830 1823 ἔργον
859 1739 938 1804 αὐτὸ
961 1741 1169 1822 πεποιηκόσι·

170 1845 225 1908 διά
251 1844 314 1928 γὰρ
341 1845 477 1920 τούτους
504 1846 652 1920 τοιοῦτός
675 1842 773 1910 ἐστιν.
817 1841 976 1927 θαυμάζω
1000 1841 1031 1908 δ’
1056 1845 1170 1925 ἔγωγε,
1190 1860 1221 1909 10

35 1967 38 1976 ’
169 1956 202 2014 τί
223 1951 264 2033 δή
287 1969 364 2015 ποτε
387 1960 453 2014 τῶν
476 1944 537 2032 μὲν
559 1960 690 2014 ναυτῶν
712 1952 790 2026 τοὺς
811 1947 1100 2033 ἀπολειπομένους,
1123 1941 1170 2012 ὧν

168 2051 345 2135 τριάκοντα
381 2055 527 2138 δραχμὰς
563 2053 696 2130 ἕκαστος
732 2056 798 2139 ἔχει
833 2056 953 2138 μόνας,
989 2054 1084 2118 δοῦσι
1115 2054 1171 2118 καί

169 2157 365 2238 κολάζουσιν
393 2154 500 2224 οὗτοι·
528 2170 594 2224 τών
623 2155 659 2224 δέ
686 2155 893 2244 τριηράρχων
919 2160 997 2235 τοῦς
1023 2159 1066 2242 μή
1090 2174 1170 2241 συμ-

168 2263 343 2348 πλέοντας,
377 2258 423 2330 ών
456 2263 632 2349 τριάκοντα
661 2273 744 2348 μνᾶς
773 2266 828 2344 είςΙ
848 2263 1006 2329 ἐπίπλουν
1035 2268 1170 2348 είληφεν

169 2369 317 2453 ἕκαστος,
344 2369 385 2435 ού
406 2370 508 2435 ταύτδι
530 2367 654 2435 ποιεῖθ’
674 2369 781 2453 ὑμεῖς·
814 2366 885 2434 ἀλλ’
907 2368 966 2434 ἐὰν
988 2365 1049 2452 μέν
1071 2371 1171 2452 πένης

169 2477 216 2540 ώυ
244 2498 294 2551 τις
324 2468 368 2539 δι’
394 2477 525 2540 ἔνδειαν
552 2472 696 2560 ἁμάρτη,
727 2484 796 2550 τοῖς
823 2470 971 2559 ἐσχάτοις
998 2472 1171 2557 ἐπιτιμίοις

169 2579 322 2663 ἐνέξεται,
345 2578 404 2645 ἐὰν
424 2577 460 2645 δέ
478 2581 636 2656 πλούσιος
654 2580 701 2645 ὢν
720 2575 764 2643 δι’
784 2578 1052 2665 αἰσχροκέρδειαν
1069 2579 1170 2644 ταύτά

168 2687 300 2770 ποιήση,
324 2686 520 2768 συγγνώμης
536 2683 695 2763 τεύξεται;
719 2681 774 2749 καί
796 2694 861 2750 ποῦ
884 2687 921 2750 τὸ
943 2682 1066 2761 πάντας
1084 2687 1171 2770 ἔχειν

170 2795 243 2855 ίσου
266 2787 321 2854 καὶ
344 2790 623 2874 δημοκρατεῖσθαι
645 2792 810 2873 φαίνεται,
832 2799 950 2856 τοῦτον
972 2790 1031 2854 τὸν
1048 2793 1171 2876 τρόπον

168 2895 262 2979 ὑμῶν
284 2903 386 2959 ταῦτα
408 2898 654 2980 βραβευόντυν;

233 3001 403 3084 Βούλομαι
429 3003 560 3080 τοίνυν,
592 2999 765 3084 ἐπειδήπερ
793 3002 839 3077 είς
861 3001 997 3076 τούτους
1018 3002 1095 3076 τοὺς
1117 3003 1170 3066 λύ-
1190 3018 1221 3067 11

168 3128 247 3189 γους
269 3108 455 3192 προήχθην,
476 3103 532 3169 καὶ
554 3105 593 3168 τὰ
612 3101 825 3190 συμβαίνοντ’
844 3103 907 3170 ἀπὸ
926 3106 1170 3172 τῶντοιούτων

131 3193 135 3202 ’
167 3210 247 3295 ὑμῖν
270 3209 462 3288 διεξελθεῖν.
499 3209 633 3275 έπειδάν
656 3207 720 3295 γάρ
742 3232 791 3286 τις
814 3207 1065 3294 μισθωσάμενος
1082 3233 1172 3296 τριη-

167 3319 307 3401 ραρχίαν
331 3314 508 3401 ἐκπλεύση,
537 3312 661 3392 πάντας
686 3313 884 3400 ἀνθρώπους
907 3316 979 3399 άγει
1001 3315 1055 3382 καὶ
1077 3316 1171 3401 φέρει

167 3419 222 3486 καὶ
240 3422 297 3497 τάς
316 3416 377 3505 μέν
396 3420 539 3506 ώφελίας
558 3422 627 3508 ἰδίᾳ
645 3429 836 3507 καρποῦται,
857 3421 915 3498 τάς
932 3417 969 3486 δέ
987 3423 1080 3499 δίκας
1096 3423 1172 3488 τού-

167 3551 234 3593 των
253 3528 271 3593 ό
291 3528 400 3612 τυχὼν
421 3528 560 3592 δίδωσιν
582 3525 687 3611 ὑμῶν,
708 3525 763 3592 καὶ
781 3529 896 3610 μόνοις
912 3527 991 3612 ύμῖν
1010 3525 1169 3611 οὐδαμόσ’
