2670 3988
492 247 563 298 XIV.
582 245 842 299 ΔΗΜΟΣΘΕΝΗΣ.
1126 246 1169 310 53

165 407 302 487 τρίπους
324 402 502 485 ἀνάκειται,
524 406 731 488 νικησάντων
754 405 862 470 αὐτῶν
884 407 1051 472 Διονύσια
1073 431 1168 492 χορη-

166 510 326 591 γούντων.
364 505 418 572 καὶ
441 509 482 573 οὐ
504 515 637 592 φθονῶ·
661 512 715 575 δεῖ
729 511 797 595 ’γὰρ
818 513 894 587 τοὺς
912 511 1074 597 εὐπόρους
1091 537 1169 598 χρη-

166 617 283 697 σίμους
319 615 440 690 αὐτοὺς
476 599 630 700 παρέχειν
666 627 734 691 τοῖς
769 619 925 693 πολίταις.
977 619 1019 682 σύ
1054 622 1169 682 τοίνυν

166 719 276 797 δεῖξον
298 724 443 802 χαλκοῦν
467 719 524 784 ἕνα
547 724 652 803 μόνον
674 723 721 798 είς
742 722 803 804 τὴν
825 725 923 787 πόλιν
941 720 1127 806 ἀνηλωκώς,
1150 724 1169 788 ὁ

165 825 222 900 τὰς
250 825 311 891 δύο
340 827 594 910 λειτουργούσας
621 826 734 903 οὐσίας
760 829 978 911 παρειληφώς.
1023 826 1096 894 ἀλλ’
1128 829 1169 894 οὐ

167 928 298 1007 δείξεις·
321 928 589 1015 ἀποκρύπτεσθαι
612 932 674 1016 γύρ
698 933 753 996 καὶ
776 934 973 997 διαδύεσθαι
991 932 1046 999 καὶ
1064 935 1169 1000 πύντα

166 1046 290 1118 ποιεῖν,
317 1034 349 1112 ἐξ
376 1029 423 1100 ὧν
446 1036 490 1119 μὴ
514 1040 758 1121 λειτουργησεις
778 1042 941 1122 τουτοισί,
969 1040 1168 1123 μεμάθηκας.

226 1137 285 1204 Ἓν
315 1143 419 1223 μόνον
448 1143 490 1205 ov
518 1165 567 1218 τις
594 1145 662 1226 ἔχοι
690 1141 792 1221 δείξαι
819 1142 951 1210 τουτονὶ
980 1148 1168 1211 Φαίνιππον
1188 1164 1221 1212 16

166 1243 464 1330 πεφιλοτιμημένον
479 1249 526 1323 είς
539 1248 634 1331 ὑμᾶς,
648 1249 765 1333 ἄνδρες
780 1250 933 1314 δικασταί
937 1269 944 1284 ·
969 1250 1169 1335 ἱπποτρόφος

167 1351 293 1435 ἀγαθός
317 1351 384 1416 ἐστι
406 1351 461 1417 καὶ
482 1355 665 1438 φιλότιμος,
689 1355 744 1419 ἅτε
767 1353 841 1430 νέος
863 1357 918 1420 καλ
940 1357 1098 1432 πλούσιος
1114 1353 1169 1420 καὶ

167 1459 301 1543 ἰσχυρὸς
323 1459 379 1522 ev.
416 1462 451 1522 τί
469 1459 589 1524 τούτου
612 1457 693 1543 μέγα
716 1472 867 1543 σημεῑον;
891 1459 1094 1545 ἀποδόμενος
1110 1464 1169 1528 τὸν

167 1567 421 1648 πολεμιστήριον
444 1565 545 1629 ἵππον
567 1563 787 1650 καταβέβηκεν
806 1565 869 1632 ἀπὸ
887 1578 954 1631 τῶν
972 1568 1092 1651 ἵππων,
1114 1564 1168 1633 καὶ

168 1668 237 1734 ἀντ’
265 1669 394 1734 ἐκείνου
419 1667 513 1754 ὄχημ’
541 1670 628 1757 αὑτςὸ
652 1676 843 1754 τηλικοῦτος
865 1672 912 1736 διν
935 1671 1089 1756 ἐώνηται,
1114 1673 1169 1737 ἵνα

167 1777 211 1858 μὴ
238 1779 315 1860 πεζῇ
343 1777 533 1860 πορεύηται·
565 1777 725 1860 τοσαύτης
752 1773 849 1852 οὗτος
875 1785 1001 1862 τρυφῆς
1024 1776 1091 1842 ἐστι
1114 1800 1169 1861 με-

167 1883 251 1956 στός.
297 1879 352 1946 καὶ
374 1879 462 1946 τοῦτ’
489 1880 700 1967 ὐπογέγραφί
720 1906 793 1966 μοι,
813 1894 882 1948 τῶν
905 1880 942 1948 δὲ
964 1889 1092 1968 κριθῶν
1114 1880 1168 1948 καὶ

167 1997 226 2052 τοῦ
250 1993 345 2052 οίνου
368 1989 422 2052 καὶ
445 1995 511 2052 τίον
534 1989 644 2053 ἄλλων
666 1999 732 2052 τῶν
756 1987 870 2071 ἕκτης
893 1987 1042 2074 ἐσχατιᾶς
1059 2012 1169 2072 γιγνο-
1328 2059 1329 2066 χ

167 2089 275 2174 μένων
299 2088 377 2158 οὐδὲ
400 2094 437 2157 τὸ
461 2091 598 2158 δέκατον
621 2093 727 2178 μέρος.
772 2093 865 2172 ἄξιόν
892 2091 922 2177 γ’
950 2093 1083 2179 ἀφεῖναι
1105 2104 1169 2160 νῦν
1189 2113 1220 2160 17

166 2197 269 2262 αὐτόν
301 2197 406 2280 ἐστιν,
438 2197 549 2281 ἐπειδὴ
581 2202 738 2284 χρήσιμος
770 2198 824 2265 καὶ
851 2203 1023 2283 φιλότιμος
1049 2197 1104 2264 καὶ
1131 2209 1169 2285 τῇ
1328 2203 1329 2212 ’

168 2303 265 2390 οὐσίᾳ
288 2301 342 2368 καὶ
365 2312 409 2389 τῷ
434 2304 565 2386 σώματι.
602 2309 727 2370 πολλοῦ
749 2328 786 2387 γε
810 2303 864 2370 καὶ
884 2306 944 2370 δελ.
978 2309 1089 2370 καλῶν
1106 2306 1169 2392 γὰρ

166 2408 325 2491 κάγαθῶν
353 2408 420 2476 ἐστι
450 2411 612 2475 δικαστῶν
639 2413 716 2487 τούς
742 2407 803 2494 μὲν
831 2421 897 2476 τῶν
924 2416 1067 2480 πολιτῶν
1096 2409 1169 2476 ἐθί-

166 2519 299 2598 λοντας,
332 2515 411 2580 όταν
442 2515 621 2600 εὐπορῶσι,
654 2520 924 2600 λειτουργοῦντας
953 2513 1008 2580 καὶ
1037 2515 1073 2581 ἐν
1102 2527 1170 2594 τοῖς
1328 2539 1329 2604 χ

166 2623 364 2706 τριακοσίοις
399 2623 495 2698 ὄντας
526 2620 725 2705 ἀναπαύειν,
757 2621 836 2687 ὅταν
867 2622 986 2687 τούτου
1018 2623 1169 2706 δεόμενοι
1327 2613 1329 2676 i

167 2726 365 2810 τυγχάνωσι,
386 2729 464 2803 τοὺς
486 2723 524 2791 δὲ
546 2730 737 2810 νομίζοντας
759 2725 949 2809 ἀπολλύειν,
971 2727 1050 2792 όταν
1068 2730 1115 2805 είς
1131 2729 1169 2794 τὸ

167 2834 280 2896 κοινόν
303 2855 334 2896 τι
358 2833 603 2915 δαπανήσωσιν,
626 2833 719 2915 ύγειν
737 2835 783 2908 είς
800 2834 877 2908 τοὺς
894 2830 1170 2919 προεισφέροντας

166 2934 287 3020 καὶμὴ
312 2934 494 3022 ἐπιτρέπειν
518 2938 739 3023 δραπετεύειν.

1328 3373 1329 3424 i

1328 3427 1329 3478 i

1328 3481 1329 3520 ι

1328 3527 1329 3582 i

1328 3583 1329 3634 i

167 3146 254 3212 XIV.
283 3146 435 3212 Aiienum
458 3152 507 3212 est
530 3171 549 3212 a
571 3148 673 3213 libera
694 3170 728 3212 re
751 3148 882 3231 publico
904 3148 1029 3214 tribute
1051 3149 1169 3216 civium

532 3245 642 3309 durius
665 3244 801 3330 exigere.

448 3347 525 3402 Dem.
545 3347 623 3401 XXII
641 3353 753 3401 47-56.
778 3352 890 3403 65-68.

238 3443 317 3498 Bello
342 3443 477 3499 sociorum
500 3445 536 3512 (e.
556 3443 618 3498 Chr.
638 3444 739 3512 357ί5),
763 3461 818 3512 quo
837 3443 937 3498 civitas
956 3445 1169 3502 Atheniensium

169 3531 276 3569 summe
290 3515 425 3584 pecuniae
439 3513 535 3583 inopia
548 3514 704 3582 laborabat,
714 3513 877 3583 Androtion,
888 3532 950 3569 oum
961 3516 1168 3586 Euctemonem‚

168 3602 253 3639 unum
277 3602 311 3640 ex
328 3585 553 3655 magistratibus,
580 3584 628 3652 qui
645 3585 753 3640 tributo
771 3601 788 3640 o
807 3585 914 3640 civibus
933 3586 1073 3656 exigendo
1091 3604 1168 3642 oura-
