2670 3988
470 246 515 296 IV.
535 245 748 297 ΙΣΟΚΡΑΤΗΣ.

263 526 318 591 IV.
347 525 489 592 Virtutis
512 527 597 592 bello
621 527 792 592 Persarum
813 528 967 611 probatae

115 627 147 686 εἰ
160 621 428 688 Lacedaemonios
447 630 481 688 et
495 623 707 689 Athenienses
725 623 790 687 iam
809 628 883 687 ante
901 623 981 686 illud
994 621 1115 686 bellum

326 719 579 784 studiosissimos
603 720 703 784 fuisse
727 720 904 804 exponitur.

240 873 363 942 (Isoeret.
382 873 515 942 Panegyr.
536 879 678 939 §re-84.
706 873 761 928 vid.
777 873 844 928 sese.
859 873 884 926 II
901 890 928 942 p.
945 876 997 941 15.)

180 1031 311 1117 Μηδεὶς
336 1031 457 1098 οἰέσθω
482 1029 514 1117 μ’
538 1032 687 1117 ἀγνοεῖν,
711 1034 760 1099 ὅτι
783 1031 837 1098 καὶ
858 1034 1148 1118 Λακεδαιμόνιοιι

115 1145 247 1205 πολλῶν
257 1138 393 1219 ἀγαθῶν
409 1144 507 1204 αἰτιοι
520 1137 730 1221 τοῖςἜλλησι
741 1137 952 1222 κατέστησαν·
967 1138 1050 1205 ἀλλά
1061 1139 1114 1203 διά

115 1255 212 1311 τοῦτο
241 1243 296 1309 καὶ
324 1249 450 1327 μᾶλλον
480 1243 626 1309 ἐπαινεῖν
654 1247 715 1329 ἔχω
743 1245 803 1327 τήν
826 1243 985 1329 ἡμετέραν
1007 1247 1115 1328 πόλιν,

116 1350 166 1414 ὅτι
194 1350 353 1415 τοιούτων
381 1348 633 1432 ἀνταγωνιστῶν
659 1358 803 1433 τυχοῦσα
828 1359 986 1415 τοσοῦτον
1008 1351 1116 1414 αὐτῶν

117 1457 298 1539 διήνεγκεν.
346 1456 508 1538 βούλομαι
541 1451 571 1518 δ’
603 1453 703 1543 ὀλίγῳ
735 1457 917 1539 μακρότερα
944 1453 1018 1539 περὶ
1045 1466 1115 1520 τοῖν

116 1558 250 1625 πολέοιν
272 1562 377 1624 εἰπεῖν
400 1557 454 1624 καὶ
476 1562 519 1644 μή
539 1563 619 1644 ταχὺ
639 1564 714 1625 λίαν
732 1561 969 1645 παραδραμεῖν,
992 1558 1034 1625 ἵν’
1058 1560 1116 1645 ἀμ-

116 1662 266 1750 φοτέρων
291 1664 371 1749 ήμῖν
397 1666 613 1749 ὑπομνήματα
640 1664 788 1749 γένηται,
815 1675 872 1749 τής
893 1689 928 1730 τε
950 1677 1016 1731 τῶν
1038 1687 1117 1750 προ-

117 1773 226 1853 γόνων
258 1769 373 1854 ἀρετής
399 1767 454 1834 καὶ
481 1779 536 1853 τής
563 1772 645 1854 πρὸς
671 1773 748 1846 τοὺς
774 1771 962 1855 βαρβάρους
989 1773 1117 1855 ἔχθρας.

117 1878 222 1941 καίτοι
240 1872 272 1958 μ’
295 1875 336 1940 οὐ
355 1873 508 1958 λέληθεν,
531 1875 581 1940 ὅτι
598 1878 741 1959 χαλεπόν
761 1875 849 1940 ἐστιν
867 1875 1007 1942 ὕστατον
1026 1876 1150 1941 έπελ-2

1 2002 3 2024 ι
116 1983 223 2045 θόντα
241 1977 349 2062 λέγειν
367 1977 442 2064 περὶ
459 1980 658 2064 πραγμάτων
676 1980 776 2045 πάλαι
789 1980 1117 2064 προκατειλημμένων

117 2082 263 2170 καὶπερὶ
282 2079 328 2149 ὧν
347 2086 382 2150 οί
397 2086 538 2168 μάλιστα
556 2083 757 2168 δυνηθέντες
774 2096 840 2150 τῶν
858 2091 1001 2151 πολιτῶν
1014 2088 1118 2151 εἰπεῖν

118 2190 170 2256 έπί
206 2200 274 2265 τοῖς
310 2190 451 2276 δημοσίᾳ
486 2189 708 2274 θαπτομένοις
742 2191 897 2267 πολλάκις
931 2193 1116 2276 εἰρήκασιν·

118 2295 242 2378 ἀνάγκη
265 2295 328 2378 γάρ
351 2295 390 2360 τά
413 2291 474 2378 μὲν
495 2289 616 2378 μέγιστ’
639 2295 748 2360 αὐτῶν
765 2297 829 2379 ήδη
847 2302 1117 2381 κατακεχρῆσθαι,

118 2401 217 2486 μικρά
240 2397 270 2464 δ’
294 2402 341 2464 ἔτι
362 2404 632 2484 παραλελεῖφθαι.
678 2400 765 2483 ὅμως
787 2397 817 2464 δ’
840 2400 875 2466 έκ
897 2411 963 2466 τῶν
985 2401 1117 2466 ὑπολοί-

117 2527 205 2587 πων,
232 2503 344 2587 έπειδή
372 2502 531 2587 συμφέρει
559 2515 627 2579 τοῖς
649 2504 852 2589 πράγμασιν,
878 2505 940 2570 οὐκ
962 2503 1117 2588 ὀκνητέον

118 2616 307 2695 μνησθῆναι
329 2606 403 2693 περὶ
426 2607 545 2671 αὐτῶν.

184 2719 356 2781 Πλείστων
383 2710 443 2798 μὲν
471 2708 533 2777 οὖν
560 2712 697 2796 ἀγαθῶν
725 2714 848 2789 αἰτίους
874 2713 929 2778 καὶ
956 2719 1151 2798 μεγίστωνε

119 2820 262 2886 ἐπαίνων
283 2819 394 2897 ἀξίους
411 2819 554 2902 ἡγοῦμαι
574 2824 772 2901 γεγενῆσθαι
790 2821 866 2894 τοὺς
882 2828 952 2895 τοῖς
970 2820 1116 2903 σώμασιν

118 2922 200 3009 ὑπὲρ
230 2933 286 3007 τής
308 2921 464 3000 Ἑλλάδος
491 2924 844 3009 προκινδυνεύσαντας·
878 2923 918 2989 οὐ
945 2926 1011 3008 μήν
1038 2921 1116 2990 οὐδὲ

118 3041 184 3095 τῶν
201 3030 264 3114 πρὸ
282 3038 343 3093 τοῦ
361 3027 506 3112 πολέμου
524 3029 642 3092 τούτου
663 3026 850 3111 γενομένων
868 3026 922 3093 καὶ
940 3030 1116 3094 δυναστευ-

119 3135 248 3200 σάντων
276 3132 312 3198 έν
340 3131 473 3220 ἑκατέρα
500 3144 572 3198 τοῖν
594 3132 729 3196 πολέοιν
751 3135 881 3199 δίκαιον
901 3132 1116 3219 ἀμνημονεῖν·

119 3239 238 3305 έκεῖνοι
255 3239 318 3323 γάρ
336 3233 421 3321 ήσαν
441 3238 475 3303 οἰ
485 3239 749 3322 προασκήσαντες
761 3241 838 3315 τοὺς
852 3237 1118 3324 ἐπιγιγνομένους

118 3344 172 3412 καὶ
199 3346 238 3408 τά
264 3347 376 3428 πλήθη
403 3339 643 3427 προτρέψαντες
671 3339 719 3407 ἐπ’
742 3342 860 3428 ἀρετήν
882 3341 936 3410 καὶ
958 3347 1118 3430 χαλεποὺς

119 3449 361 3533 ἀνταγωνιστάς
382 3459 450 3524 τοῖς
472 3446 651 3533 βαρβάροις
668 3449 870 3531 ποιήσαντες.
901 3449 1023 3535 οὐγὰρ
1043 3450 1152 3517 ωλι-4

119 3557 251 3641 γάρουν
282 3565 347 3619 τῶν
379 3564 516 3637 κοινῶν,
548 3550 620 3616 οὐδ’
650 3551 815 3620 ἀπέλαυον
846 3550 906 3638 μὲν
939 3556 983 3632 ὡς
1012 3556 1117 3640 ἰδίων,

903 3656 940 3708 2*
